@software{arthur_de_sa_ferreira_2023_10447114,
  author       = {Arthur de SÃ¡ Ferreira},
  title        = {FerreiraAS/Ciencia-com-R: ed1},
  month        = dec,
  year         = 2023,
  publisher    = {Zenodo},
  version      = {ed1},
  doi          = {10.5281/zenodo.10447114},
  url          = {https://doi.org/10.5281/zenodo.10447114}
}