
@article{Kahan2014,
	title = {The risks and rewards of covariate adjustment in randomized trials: an assessment of 12 outcomes from 8 studies},
	author = {Kahan, Brennan C and Jairath, Vipul and {Doré}, Caroline J and Morris, Tim P},
	year = {2014},
	month = {04},
	date = {2014-04-23},
	journal = {Trials},
	volume = {15},
	number = {1},
	doi = {10.1186/1745-6215-15-139},
	url = {http://dx.doi.org/10.1186/1745-6215-15-139},
	langid = {en}
}

@article{Altman1999,
	title = {Statistics notes Variables and parameters},
	author = {Altman, D. G and Bland, J M.},
	year = {1999},
	month = {06},
	date = {1999-06-19},
	journal = {BMJ},
	pages = {1667--1667},
	volume = {318},
	number = {7199},
	doi = {10.1136/bmj.318.7199.1667},
	url = {http://dx.doi.org/10.1136/bmj.318.7199.1667},
	langid = {en}
}

@article{kanji2006,
	title = {100 Statistical Tests},
	author = {Kanji, Gopal},
	year = {2006},
	date = {2006},
	doi = {10.4135/9781849208499},
	url = {http://dx.doi.org/10.4135/9781849208499}
}

@article{Bland1994,
	title = {Statistics notes: Matching},
	author = {Bland, J M and Altman, D G},
	year = {1994},
	month = {10},
	date = {1994-10-29},
	journal = {BMJ},
	pages = {1128--1128},
	volume = {309},
	number = {6962},
	doi = {10.1136/bmj.309.6962.1128},
	url = {http://dx.doi.org/10.1136/bmj.309.6962.1128},
	langid = {en}
}

@article{Altman2007,
	title = {Missing data},
	author = {Altman, Douglas G and Bland, J Martin},
	year = {2007},
	month = {02},
	date = {2007-02-22},
	journal = {BMJ},
	pages = {424--424},
	volume = {334},
	number = {7590},
	doi = {10.1136/bmj.38977.682025.2c},
	url = {http://dx.doi.org/10.1136/bmj.38977.682025.2C},
	langid = {en}
}

@article{Altman2006,
	title = {The cost of dichotomising continuous variables},
	author = {Altman, Douglas G and Royston, Patrick},
	year = {2006},
	month = {05},
	date = {2006-05-04},
	journal = {BMJ},
	pages = {1080.1},
	volume = {332},
	number = {7549},
	doi = {10.1136/bmj.332.7549.1080},
	url = {http://dx.doi.org/10.1136/bmj.332.7549.1080},
	langid = {en}
}

@article{Collins2016,
	title = {Quantifying the impact of different approaches for handling continuous predictors on the performance of a prognostic model},
	author = {Collins, Gary S. and Ogundimu, Emmanuel O. and Cook, Jonathan A. and Manach, Yannick Le and Altman, Douglas G.},
	year = {2016},
	month = {05},
	date = {2016-05-18},
	journal = {Statistics in Medicine},
	pages = {4124--4135},
	volume = {35},
	number = {23},
	doi = {10.1002/sim.6986},
	url = {http://dx.doi.org/10.1002/sim.6986},
	langid = {en}
}

@article{Olson2021,
	title = {What Are Data?},
	author = {Olson, Karin},
	year = {2021},
	month = {05},
	date = {2021-05-24},
	journal = {Qualitative Health Research},
	pages = {1567--1569},
	volume = {31},
	number = {9},
	doi = {10.1177/10497323211015960},
	url = {http://dx.doi.org/10.1177/10497323211015960},
	langid = {en}
}

@book{oxford.2012,
	title = {Oxford.},
	year = {2012},
	month = {01},
	date = {2012-01-05},
	publisher = {Oxford University Press},
	doi = {10.1093/ref:odnb/91810},
	url = {http://dx.doi.org/10.1093/ref:odnb/91810}
}

@article{Gardner1986,
	title = {Use of check lists in assessing the statistical content of medical studies.},
	author = {Gardner, M J and Machin, D and Campbell, M J},
	year = {1986},
	month = {03},
	date = {1986-03-22},
	journal = {BMJ},
	pages = {810--812},
	volume = {292},
	number = {6523},
	doi = {10.1136/bmj.292.6523.810},
	url = {http://dx.doi.org/10.1136/bmj.292.6523.810},
	langid = {en}
}

@article{Mansournia2021,
	title = {A CHecklist for statistical Assessment of Medical Papers (the CHAMP statement): explanation and elaboration},
	author = {Mansournia, Mohammad Ali and Collins, Gary S and Nielsen, Rasmus Oestergaard and Nazemipour, Maryam and Jewell, Nicholas P and Altman, Douglas G and Campbell, Michael J},
	year = {2021},
	month = {01},
	date = {2021-01-29},
	journal = {British Journal of Sports Medicine},
	pages = {1009--1017},
	volume = {55},
	number = {18},
	doi = {10.1136/bjsports-2020-103652},
	url = {http://dx.doi.org/10.1136/bjsports-2020-103652},
	langid = {en}
}

@article{Lang2015,
	title = {Basic statistical reporting for articles published in Biomedical Journals: The {\textquotedblleft}Statistical Analyses and Methods in the Published Literature{\textquotedblright} or the SAMPL Guidelines},
	author = {Lang, Thomas A. and Altman, Douglas G.},
	year = {2015},
	month = {01},
	date = {2015-01},
	journal = {International Journal of Nursing Studies},
	pages = {5--9},
	volume = {52},
	number = {1},
	doi = {10.1016/j.ijnurstu.2014.09.006},
	url = {http://dx.doi.org/10.1016/j.ijnurstu.2014.09.006},
	langid = {en}
}

@article{Royston2006,
	title = {Dichotomizing continuous predictors in multiple regression: a bad idea},
	author = {Royston, Patrick and Altman, Douglas G. and Sauerbrei, Willi},
	year = {2005},
	date = {2005},
	journal = {Statistics in Medicine},
	pages = {127--141},
	volume = {25},
	number = {1},
	doi = {10.1002/sim.2331},
	url = {http://dx.doi.org/10.1002/sim.2331},
	langid = {en}
}

@article{Lynggaard2022,
	title = {Principles and recommendations for incorporating estimands into clinical study protocol templates},
	author = {Lynggaard, Helle and Bell, James and {Lösch}, Christian and Besseghir, Amel and Rantell, Khadija and Schoder, Volker and Lanius, Vivian},
	year = {2022},
	month = {08},
	date = {2022-08-19},
	journal = {Trials},
	volume = {23},
	number = {1},
	doi = {10.1186/s13063-022-06515-2},
	url = {http://dx.doi.org/10.1186/s13063-022-06515-2},
	langid = {en}
}

@article{Gamble2017,
	title = {Guidelines for the Content of Statistical Analysis Plans in Clinical Trials},
	author = {Gamble, Carrol and Krishan, Ashma and Stocken, Deborah and Lewis, Steff and Juszczak, Edmund and {Doré}, Caroline and Williamson, Paula R. and Altman, Douglas G. and Montgomery, Alan and Lim, Pilar and Berlin, Jesse and Senn, Stephen and Day, Simon and Barbachano, Yolanda and Loder, Elizabeth},
	year = {2017},
	month = {12},
	date = {2017-12-19},
	journal = {JAMA},
	pages = {2337},
	volume = {318},
	number = {23},
	doi = {10.1001/jama.2017.18556},
	url = {http://dx.doi.org/10.1001/jama.2017.18556},
	langid = {en}
}

@article{Gil-Sierra2020,
	title = {Checklist for clinical applicability of subgroup analysis},
	author = {{Gil{-}Sierra}, Manuel David and {Fénix{-}Caballero}, Silvia and {Abdel kader{-}Martin}, Laila and {Fraga{-}Fuentes}, Maria Dolores and {Sánchez{-}Hidalgo}, Marina and {Alarcón de la Lastra{-}Romero}, Catalina and {Alegre{-}del Rey}, {Emilio Jesús}},
	year = {2019},
	month = {12},
	date = {2019-12-18},
	journal = {Journal of Clinical Pharmacy and Therapeutics},
	pages = {530--538},
	volume = {45},
	number = {3},
	doi = {10.1111/jcpt.13102},
	url = {http://dx.doi.org/10.1111/jcpt.13102},
	langid = {en}
}

@article{lang1997,
	title = {How to Report Statistics in Medicine},
	author = {Lang, Thomas A. and Secic, Michelle},
	year = {1997},
	month = {05},
	date = {1997-05},
	journal = {The Nurse Practitioner},
	pages = {198},
	volume = {22},
	number = {5},
	doi = {10.1097/00006205-199705000-00022},
	url = {http://dx.doi.org/10.1097/00006205-199705000-00022},
	langid = {en}
}

@article{Inskip2017,
	title = {Getting started with tables},
	author = {Inskip, Hazel and Ntani, Georgia and Westbury, Leo and Di Gravio, Chiara and {D{\textquoteright}Angelo}, Stefania and Parsons, Camille and Baird, Janis},
	year = {2017},
	month = {03},
	date = {2017-03-20},
	journal = {Archives of Public Health},
	volume = {75},
	number = {1},
	doi = {10.1186/s13690-017-0180-1},
	url = {http://dx.doi.org/10.1186/s13690-017-0180-1},
	langid = {en}
}

@article{Kwak2021,
	title = {The principles of presenting statistical results: Table},
	author = {Kwak, Sang Gyu and Kang, Hyun and Kim, Jong Hae and Kim, Tae Kyun and Ahn, EunJin and Lee, Dong Kyu and Lee, Sangseok and Park, Jae Hong and Nahm, Francis Sahngun and In, Junyong},
	year = {2021},
	month = {04},
	date = {2021-04-01},
	journal = {Korean Journal of Anesthesiology},
	pages = {115--119},
	volume = {74},
	number = {2},
	doi = {10.4097/kja.20582},
	url = {http://dx.doi.org/10.4097/kja.20582},
	langid = {en}
}

@article{Hayes-Larson2019,
	title = {Who is in this study, anyway? Guidelines for a useful Table 1},
	author = {Hayes-Larson, Eleanor and Kezios, Katrina L. and Mooney, Stephen J. and Lovasi, Gina},
	year = {2019},
	month = {10},
	date = {2019-10},
	journal = {Journal of Clinical Epidemiology},
	pages = {125--132},
	volume = {114},
	doi = {10.1016/j.jclinepi.2019.06.011},
	url = {http://dx.doi.org/10.1016/j.jclinepi.2019.06.011},
	langid = {en}
}

@article{Westreich2013,
	title = {The Table 2 Fallacy: Presenting and Interpreting Confounder and Modifier Coefficients},
	author = {Westreich, D. and Greenland, S.},
	year = {2013},
	month = {01},
	date = {2013-01-30},
	journal = {American Journal of Epidemiology},
	pages = {292--298},
	volume = {177},
	number = {4},
	doi = {10.1093/aje/kws412},
	url = {http://dx.doi.org/10.1093/aje/kws412},
	langid = {en}
}

@article{Park2022,
	title = {The principles of presenting statistical results using figures},
	author = {Park, Jae Hong and Lee, Dong Kyu and Kang, Hyun and Kim, Jong Hae and Nahm, Francis Sahngun and Ahn, EunJin and In, Junyong and Kwak, Sang Gyu and Lim, Chi-Yeon},
	year = {2022},
	month = {04},
	date = {2022-04-01},
	journal = {Korean Journal of Anesthesiology},
	pages = {139--150},
	volume = {75},
	number = {2},
	doi = {10.4097/kja.21508},
	url = {http://dx.doi.org/10.4097/kja.21508},
	langid = {en}
}

@article{Mascha2017,
	title = {The Statistical Checklist and Statistical Review},
	author = {Mascha, Edward J. and Vetter, Thomas R.},
	year = {2017},
	month = {03},
	date = {2017-03},
	journal = {Anesthesia & Analgesia},
	pages = {719--721},
	volume = {124},
	number = {3},
	doi = {10.1213/ane.0000000000001863},
	url = {http://dx.doi.org/10.1213/ANE.0000000000001863},
	langid = {en}
}

@article{Bland1996,
	title = {Statistics Notes: Transforming data},
	author = {Bland, J M. and Altman, D. G},
	year = {1996},
	month = {03},
	date = {1996-03-23},
	journal = {BMJ},
	pages = {770--770},
	volume = {312},
	number = {7033},
	doi = {10.1136/bmj.312.7033.770},
	url = {http://dx.doi.org/10.1136/bmj.312.7033.770},
	langid = {en}
}

@article{Cao2022,
	title = {Review and evaluation of imputation methods for multivariate longitudinal data with mixed{-}type incomplete variables},
	author = {Cao, Yi and Allore, Heather and Vander Wyk, Brent and Gutman, Roee},
	year = {2022},
	month = {10},
	date = {2022-10-11},
	journal = {Statistics in Medicine},
	doi = {10.1002/sim.9592},
	url = {http://dx.doi.org/10.1002/sim.9592},
	langid = {en}
}

@article{Heymans2022,
	title = {Handling missing data in clinical research},
	author = {Heymans, Martijn W. and Twisk, Jos W.R.},
	year = {2022},
	month = {09},
	date = {2022-09},
	journal = {Journal of Clinical Epidemiology},
	doi = {10.1016/j.jclinepi.2022.08.016},
	url = {http://dx.doi.org/10.1016/j.jclinepi.2022.08.016},
	langid = {en}
}

@article{Borenstein2022,
	title = {In a meta-analysis, the I-squared statistic does not tell us how much the effect size varies},
	author = {Borenstein, Michael},
	year = {2022},
	month = {10},
	date = {2022-10},
	journal = {Journal of Clinical Epidemiology},
	doi = {10.1016/j.jclinepi.2022.10.003},
	url = {http://dx.doi.org/10.1016/j.jclinepi.2022.10.003},
	langid = {en}
}

@article{Rücker2008,
	title = {Undue reliance on I
2 in assessing heterogeneity may mislead},
	author = {{Rücker}, Gerta and Schwarzer, Guido and Carpenter, James R and Schumacher, Martin},
	year = {2008},
	month = {11},
	date = {2008-11-27},
	journal = {BMC Medical Research Methodology},
	volume = {8},
	number = {1},
	doi = {10.1186/1471-2288-8-79},
	url = {http://dx.doi.org/10.1186/1471-2288-8-79},
	langid = {en}
}

@article{Sun1996,
	title = {Inappropriate use of bivariable analysis to screen risk factors for use in multivariable analysis},
	author = {Sun, Guo-Wen and Shook, Thomas L. and Kay, Gregory L.},
	year = {1996},
	month = {08},
	date = {1996-08},
	journal = {Journal of Clinical Epidemiology},
	pages = {907--916},
	volume = {49},
	number = {8},
	doi = {10.1016/0895-4356(96)00025-x},
	url = {http://dx.doi.org/10.1016/0895-4356(96)00025-x},
	langid = {en}
}

@article{groves2008,
	title = {Research methods and reporting},
	author = {Groves, T.},
	year = {2008},
	month = {10},
	date = {2008-10-22},
	journal = {BMJ},
	pages = {a2201--a2201},
	volume = {337},
	number = {oct22 1},
	doi = {10.1136/bmj.a2201},
	url = {http://dx.doi.org/10.1136/bmj.a2201},
	langid = {en}
}

@article{assel2019,
	title = {Guidelines for Reporting of Statistics for Clinical Research in Urology},
	author = {Assel, Melissa and Sjoberg, Daniel and Elders, Andrew and Wang, Xuemei and Huo, Dezheng and Botchway, Albert and Delfino, Kristin and Fan, Yunhua and Zhao, Zhiguo and Koyama, Tatsuki and Hollenbeck, Brent and Qin, Rui and Zahnd, Whitney and Zabor, Emily C. and Kattan, Michael W. and Vickers, Andrew J.},
	year = {2019},
	month = {03},
	date = {2019-03},
	journal = {Journal of Urology},
	pages = {595--604},
	volume = {201},
	number = {3},
	doi = {10.1097/ju.0000000000000001},
	url = {http://dx.doi.org/10.1097/JU.0000000000000001},
	langid = {en}
}

@article{stratton2005,
	title = {How to ensure your paper is rejected by the statistical reviewer},
	author = {Stratton, I. M. and Neil, A.},
	year = {2005},
	month = {04},
	date = {2005-04},
	journal = {Diabetic Medicine},
	pages = {371--373},
	volume = {22},
	number = {4},
	doi = {10.1111/j.1464-5491.2004.01443.x},
	url = {http://dx.doi.org/10.1111/j.1464-5491.2004.01443.x},
	langid = {en}
}

@article{broman2018,
	title = {Data Organization in Spreadsheets},
	author = {Broman, Karl W. and Woo, Kara H.},
	year = {2018},
	month = {01},
	date = {2018-01-02},
	journal = {The American Statistician},
	pages = {2--10},
	volume = {72},
	number = {1},
	doi = {10.1080/00031305.2017.1375989},
	url = {http://dx.doi.org/10.1080/00031305.2017.1375989},
	langid = {en}
}

@article{Juluru2015,
	title = {Use of Spreadsheets for Research Data Collection and Preparation:},
	author = {Juluru, Krishna and Eng, John},
	year = {2015},
	month = {12},
	date = {2015-12},
	journal = {Academic Radiology},
	pages = {1592--1599},
	volume = {22},
	number = {12},
	doi = {10.1016/j.acra.2015.08.024},
	url = {http://dx.doi.org/10.1016/j.acra.2015.08.024},
	langid = {en}
}

@article{ferreira2021,
	title = {Double threshold receiver operating characteristic plot for three-modal continuous predictors},
	author = {Ferreira, {Arthur De Sá} and Meziat-Filho, Ney and Ferreira, Ana Paula Antunes},
	year = {2021},
	month = {02},
	date = {2021-02-02},
	journal = {Computational Statistics},
	pages = {2231--2245},
	volume = {36},
	number = {3},
	doi = {10.1007/s00180-021-01080-9},
	url = {http://dx.doi.org/10.1007/s00180-021-01080-9},
	langid = {en}
}

@article{Altman1997,
	title = {Statistics Notes: Units of analysis},
	author = {Altman, D. G and Bland, J M.},
	year = {1997},
	month = {06},
	date = {1997-06-28},
	journal = {BMJ},
	pages = {1874--1874},
	volume = {314},
	number = {7098},
	doi = {10.1136/bmj.314.7098.1874},
	url = {http://dx.doi.org/10.1136/bmj.314.7098.1874},
	langid = {en}
}

@article{Matthews1990,
	title = {Analysis of serial measurements in medical research.},
	author = {Matthews, J N and Altman, D G and Campbell, M J and Royston, P},
	year = {1990},
	month = {01},
	date = {1990-01-27},
	journal = {BMJ},
	pages = {230--235},
	volume = {300},
	number = {6719},
	doi = {10.1136/bmj.300.6719.230},
	url = {http://dx.doi.org/10.1136/bmj.300.6719.230},
	langid = {en}
}

@article{carpenter2021,
	title = {Missing data: A statistical framework for practice},
	author = {Carpenter, James R. and Smuk, Melanie},
	year = {2021},
	month = {02},
	date = {2021-02-24},
	journal = {Biometrical Journal},
	pages = {915--947},
	volume = {63},
	number = {5},
	doi = {10.1002/bimj.202000196},
	url = {http://dx.doi.org/10.1002/bimj.202000196},
	langid = {en}
}

@article{kaliyadan2019,
	title = {Types of variables, descriptive statistics, and sample size},
	author = {Kaliyadan, Feroze and Kulkarni, Vinay},
	year = {2019},
	date = {2019},
	journal = {Indian Dermatology Online Journal},
	pages = {82},
	volume = {10},
	number = {1},
	doi = {10.4103/idoj.idoj_468_18},
	url = {http://dx.doi.org/10.4103/idoj.IDOJ_468_18},
	langid = {en}
}

@article{vetter2017,
	title = {Fundamentals of Research Data and Variables},
	author = {Vetter, Thomas R.},
	year = {2017},
	month = {10},
	date = {2017-10},
	journal = {Anesthesia & Analgesia},
	pages = {1375--1380},
	volume = {125},
	number = {4},
	doi = {10.1213/ane.0000000000002370},
	url = {http://dx.doi.org/10.1213/ANE.0000000000002370},
	langid = {en}
}

@article{Ali2016,
	title = {Basic statistical tools in research and data analysis},
	author = {Ali, Zulfiqar and Bhaskar, SBala},
	year = {2016},
	date = {2016},
	journal = {Indian Journal of Anaesthesia},
	pages = {662},
	volume = {60},
	number = {9},
	doi = {10.4103/0019-5049.190623},
	url = {http://dx.doi.org/10.4103/0019-5049.190623},
	langid = {en}
}

@article{Lee2021,
	title = {Framework for the treatment and reporting of missing data in observational studies: The Treatment And Reporting of Missing data in Observational Studies framework},
	author = {Lee, Katherine J. and Tilling, Kate M. and Cornish, Rosie P. and Little, Roderick J.A. and Bell, Melanie L. and Goetghebeur, Els and Hogan, Joseph W. and Carpenter, James R.},
	year = {2021},
	month = {06},
	date = {2021-06},
	journal = {Journal of Clinical Epidemiology},
	pages = {79--88},
	volume = {134},
	doi = {10.1016/j.jclinepi.2021.01.008},
	url = {http://dx.doi.org/10.1016/j.jclinepi.2021.01.008},
	langid = {en}
}

@article{Akl2015,
	title = {Reporting missing participant data in randomised trials: systematic survey of the methodological literature and a proposed guide},
	author = {Akl, Elie A and Shawwa, Khaled and Kahale, Lara A and Agoritsas, Thomas and Brignardello-Petersen, Romina and Busse, Jason W and {Carrasco{\textendash}Labra}, Alonso and Ebrahim, Shanil and Johnston, Bradley C and Neumann, Ignacio and Sola, Ivan and Sun, Xin and Vandvik, Per and Zhang, Yuqing and Alonso-Coello, Pablo and Guyatt, Gordon H},
	year = {2015},
	month = {12},
	date = {2015-12},
	journal = {BMJ Open},
	pages = {e008431},
	volume = {5},
	number = {12},
	doi = {10.1136/bmjopen-2015-008431},
	url = {http://dx.doi.org/10.1136/bmjopen-2015-008431},
	langid = {en}
}

@article{formatR,
	title = {formatR: Format R Code Automatically},
	author = {Xie, Yihui},
	year = {2022},
	date = {2022},
	url = {https://CRAN.R-project.org/package=formatR}
}

@article{SchwabSimon2021,
	title = {Statistical programming: Small mistakes, big impacts},
	author = {{Schwab, Simon} and {Held, Leonhard}},
	year = {2021},
	date = {2021},
	journal = {Wiley-Blackwell Publishing, Inc.},
	doi = {10.5167/UZH-205154},
	url = {https://www.zora.uzh.ch/id/eprint/205154}
}

@article{misty,
	title = {misty: Miscellaneous Functions 'T. Yanagida'},
	author = {Yanagida, Takuya},
	year = {2023},
	date = {2023},
	url = {https://CRAN.R-project.org/package=misty}
}

@article{little1988,
	title = {A Test of Missing Completely at Random for Multivariate Data with Missing Values},
	author = {Little, Roderick J. A.},
	year = {1988},
	month = {12},
	date = {1988-12},
	journal = {Journal of the American Statistical Association},
	pages = {1198--1202},
	volume = {83},
	number = {404},
	doi = {10.1080/01621459.1988.10478722},
	url = {http://dx.doi.org/10.1080/01621459.1988.10478722},
	langid = {en}
}

@article{roberts1999,
	title = {Understanding controlled trials: Baseline imbalance in randomised controlled trials},
	author = {Roberts, C. and Torgerson, D. J},
	year = {1999},
	month = {07},
	date = {1999-07-17},
	journal = {BMJ},
	pages = {185--185},
	volume = {319},
	number = {7203},
	doi = {10.1136/bmj.319.7203.185},
	url = {http://dx.doi.org/10.1136/bmj.319.7203.185},
	langid = {en}
}

@misc{gruijters2020,
	title = {Baseline comparisons and covariate fishing: Bad statistical habits we should have broken yesterday},
	author = {Gruijters, Stefan L.K.},
	year = {2020},
	month = {07},
	date = {2020-07-08},
	url = {http://dx.doi.org/10.31234/osf.io/qftwg}
}

@article{mice,
	title = {{\textbraceleft}mice{\textbraceright}: Multivariate Imputation by Chained Equations in R},
	author = {van Buuren, Stef and Groothuis-Oudshoorn, Karin},
	year = {2011},
	date = {2011},
	pages = {1--67},
	volume = {45},
	doi = {10.18637/jss.v045.i03}
}

@article{miceadds,
	title = {miceadds: Some Additional Multiple Imputation Functions, Especially for
'mice'},
	author = {Robitzsch, Alexander and Grund, Simon},
	year = {2023},
	date = {2023},
	url = {https://CRAN.R-project.org/package=miceadds}
}

@article{table1,
	title = {table1: Tables of Descriptive Statistics in HTML},
	author = {Rich, Benjamin},
	year = {2023},
	date = {2023},
	url = {https://CRAN.R-project.org/package=table1}
}

@article{ggplot2,
	title = {ggplot2: Elegant Graphics for Data Analysis},
	author = {Wickham, Hadley},
	year = {2016},
	date = {2016},
	url = {https://ggplot2.tidyverse.org}
}

@article{stats,
	title = {R: A Language and Environment for Statistical Computing},
	author = {, R Core Team},
	year = {2022},
	date = {2022},
	url = {https://www.R-project.org/}
}

@article{plotly,
	title = {Interactive Web-Based Data Visualization with R, plotly, and shiny},
	author = {Sievert, Carson},
	year = {2020},
	date = {2020},
	url = {https://plotly-r.com}
}

@article{corrplot,
	title = {R package 'corrplot': Visualization of a Correlation Matrix},
	author = {Wei, Taiyun and Simko, Viliam},
	year = {2021},
	date = {2021},
	url = {https://github.com/taiyun/corrplot}
}

@article{DataExplorer,
	title = {DataExplorer: Automate Data Exploration and Treatment},
	author = {Cui, Boxuan},
	year = {2020},
	date = {2020},
	url = {https://CRAN.R-project.org/package=DataExplorer}
}

@article{Hidalgo2013,
	title = {Multivariate or Multivariable Regression?},
	author = {Hidalgo, Bertha and Goodman, Melody},
	year = {2013},
	month = {01},
	date = {2013-01},
	journal = {American Journal of Public Health},
	pages = {39--40},
	volume = {103},
	number = {1},
	doi = {10.2105/ajph.2012.300897},
	url = {http://dx.doi.org/10.2105/AJPH.2012.300897},
	langid = {en}
}

@article{Altman1994,
	title = {Statistics Notes: Quartiles, quintiles, centiles, and other quantiles},
	author = {Altman, D G and Bland, J M},
	year = {1994},
	month = {10},
	date = {1994-10-15},
	journal = {BMJ},
	pages = {996--996},
	volume = {309},
	number = {6960},
	doi = {10.1136/bmj.309.6960.996},
	url = {http://dx.doi.org/10.1136/bmj.309.6960.996},
	langid = {en}
}

@article{base,
	title = {R: A Language and Environment for Statistical Computing},
	author = {, R Core Team},
	year = {2022},
	date = {2022},
	url = {https://www.R-project.org/}
}

@article{Bruce2022,
	title = {A systematic review of randomisation method use in RCTs and association of trial design characteristics with method selection},
	author = {Bruce, Cydney L. and Juszczak, Edmund and Ogollah, Reuben and Partlett, Christopher and Montgomery, Alan},
	year = {2022},
	month = {12},
	date = {2022-12-07},
	journal = {BMC Medical Research Methodology},
	volume = {22},
	number = {1},
	doi = {10.1186/s12874-022-01786-4},
	url = {http://dx.doi.org/10.1186/s12874-022-01786-4},
	langid = {en}
}

@article{Dales1978,
	title = {An Improper Use of Statistical Significance Testing in Studying Covariables},
	author = {DALES, LORING G and URY, HANS K},
	year = {1978},
	date = {1978},
	journal = {International Journal of Epidemiology},
	pages = {373--376},
	volume = {7},
	number = {4},
	doi = {10.1093/ije/7.4.373},
	url = {http://dx.doi.org/10.1093/ije/7.4.373},
	langid = {en}
}

@article{Eglen2017,
	title = {Toward standard practices for sharing computer code and programs in neuroscience},
	author = {Eglen, Stephen J and Marwick, Ben and Halchenko, Yaroslav O and Hanke, Michael and Sufi, Shoaib and Gleeson, Padraig and Silver, R Angus and Davison, Andrew P and Lanyon, Linda and Abrams, Mathew and Wachtler, Thomas and Willshaw, David J and Pouzat, Christophe and Poline, Jean-Baptiste},
	year = {2017},
	month = {06},
	date = {2017-06},
	journal = {Nature Neuroscience},
	pages = {770--773},
	volume = {20},
	number = {6},
	doi = {10.1038/nn.4550},
	url = {http://dx.doi.org/10.1038/nn.4550},
	langid = {en}
}

@article{Vickers2001,
	title = {Statistics Notes: Analysing controlled trials with baseline and follow up measurements},
	author = {Vickers, A. J and Altman, D. G},
	year = {2001},
	month = {11},
	date = {2001-11-10},
	journal = {BMJ},
	pages = {1123--1124},
	volume = {323},
	number = {7321},
	doi = {10.1136/bmj.323.7321.1123},
	url = {http://dx.doi.org/10.1136/bmj.323.7321.1123},
	langid = {en}
}

@article{Hauck1998,
	title = {Should We Adjust for Covariates in Nonlinear Regression Analyses of Randomized Trials?},
	author = {Hauck, Walter W. and Anderson, Sharon and Marcus, Sue M.},
	year = {1998},
	month = {06},
	date = {1998-06},
	journal = {Controlled Clinical Trials},
	pages = {249--256},
	volume = {19},
	number = {3},
	doi = {10.1016/s0197-2456(97)00147-5},
	url = {http://dx.doi.org/10.1016/s0197-2456(97)00147-5},
	langid = {en}
}

@article{OConnell2017,
	title = {Methods for Analysis of Pre-Post Data in Clinical Research: A Comparison of Five Common Methods},
	author = {O Connell, Nathaniel S and Dai, Lin and Jiang, Yunyun and Speiser, Jaime L and Ward, Ralph and Wei, Wei and Carroll, Rachel and Gebregziabher, Mulugeta},
	year = {2017},
	date = {2017},
	journal = {Journal of Biometrics & Biostatistics},
	volume = {08},
	number = {01},
	doi = {10.4172/2155-6180.1000334},
	url = {http://dx.doi.org/10.4172/2155-6180.1000334}
}

@article{Zhao2023,
	title = {Electronic common technical document submission with analysis using R},
	author = {Zhao, Yujie and Xiao, Nan and Anderson, Keaven and Zhang, Yilong},
	year = {2022},
	month = {09},
	date = {2022-09-28},
	journal = {Clinical Trials},
	pages = {89--92},
	volume = {20},
	number = {1},
	doi = {10.1177/17407745221123244},
	url = {http://dx.doi.org/10.1177/17407745221123244},
	langid = {en}
}

@article{pkglite,
	title = {pkglite: Compact Package Representations},
	author = {Xiao, Nan and Zhang, Yilong and Anderson, Keaven},
	year = {2022},
	date = {2022},
	url = {https://CRAN.R-project.org/package=pkglite}
}

@article{dwivedi2019,
	title = {Evidence{-}based statistical analysis and methods in biomedical research (SAMBR) checklists according to design features},
	author = {Dwivedi, Alok Kumar and Shukla, Rakesh},
	year = {2019},
	month = {08},
	date = {2019-08-22},
	journal = {CANCER REPORTS},
	volume = {3},
	number = {4},
	doi = {10.1002/cnr2.1211},
	url = {http://dx.doi.org/10.1002/cnr2.1211},
	langid = {en}
}

@article{Sauerbrei2014,
	title = {STRengthening Analytical Thinking for Observational Studies: the STRATOS initiative},
	author = {Sauerbrei, Willi and Abrahamowicz, Michal and Altman, Douglas G. and Cessie, Saskia and Carpenter, James and , },
	year = {2014},
	month = {07},
	date = {2014-07-30},
	journal = {Statistics in Medicine},
	pages = {5413--5432},
	volume = {33},
	number = {30},
	doi = {10.1002/sim.6265},
	url = {http://dx.doi.org/10.1002/sim.6265},
	langid = {en}
}

@article{Dwivedi2022,
	title = {How to Write Statistical Analysis Section in Medical Research},
	author = {Dwivedi, Alok Kumar},
	year = {2022},
	month = {12},
	date = {2022-12},
	journal = {Journal of Investigative Medicine},
	pages = {1759--1770},
	volume = {70},
	number = {8},
	doi = {10.1136/jim-2022-002479},
	url = {http://dx.doi.org/10.1136/jim-2022-002479},
	langid = {en}
}

@article{data.table,
	title = {data.table: Extension of `data.frame`},
	author = {Dowle, Matt and Srinivasan, Arun},
	year = {2023},
	date = {2023},
	url = {https://CRAN.R-project.org/package=data.table}
}

@article{modelsummary,
	title = {{\textbraceleft}modelsummary{\textbraceright}: Data and Model Summaries in {\textbraceleft}R{\textbraceright}},
	author = {Arel-Bundock, Vincent},
	year = {2022},
	date = {2022},
	volume = {103},
	doi = {10.18637/jss.v103.i01}
}

@article{tierney2023,
	title = {Expanding Tidy Data Principles to Facilitate Missing Data Exploration, Visualization and Assessment of Imputations},
	author = {Tierney, Nicholas and Cook, Dianne},
	year = {2023},
	date = {2023},
	journal = {Journal of Statistical Software},
	volume = {105},
	number = {7},
	doi = {10.18637/jss.v105.i07},
	url = {http://dx.doi.org/10.18637/jss.v105.i07},
	langid = {en}
}

@article{Altman2003,
	title = {Statistics Notes: Interaction revisited: the difference between two estimates},
	author = {Altman, D. G},
	year = {2003},
	month = {01},
	date = {2003-01-25},
	journal = {BMJ},
	pages = {219--219},
	volume = {326},
	number = {7382},
	doi = {10.1136/bmj.326.7382.219},
	url = {http://dx.doi.org/10.1136/bmj.326.7382.219}
}

@article{Altman1996,
	title = {Statistics Notes: Interaction 1: heterogeneity of effects},
	author = {Altman, D. G and Matthews, J. N S},
	year = {1996},
	month = {08},
	date = {1996-08-24},
	journal = {BMJ},
	pages = {486--486},
	volume = {313},
	number = {7055},
	doi = {10.1136/bmj.313.7055.486},
	url = {http://dx.doi.org/10.1136/bmj.313.7055.486},
	langid = {en}
}

@article{Dettori2018,
	title = {The Anatomy of Data},
	author = {Dettori, Joseph R. and Norvell, Daniel C.},
	year = {2018},
	month = {01},
	date = {2018-01-30},
	journal = {Global Spine Journal},
	pages = {311--313},
	volume = {8},
	number = {3},
	doi = {10.1177/2192568217746998},
	url = {http://dx.doi.org/10.1177/2192568217746998},
	langid = {en}
}

@article{Matthews1996,
	title = {Statistics Notes: Interaction 2: compare effect sizes not P values},
	author = {Matthews, J. N S and Altman, D. G},
	year = {1996},
	month = {09},
	date = {1996-09-28},
	journal = {BMJ},
	pages = {808--808},
	volume = {313},
	number = {7060},
	doi = {10.1136/bmj.313.7060.808},
	url = {http://dx.doi.org/10.1136/bmj.313.7060.808},
	langid = {en}
}

@article{Wallisch2022,
	title = {Review of guidance papers on regression modeling in statistical series of medical journals},
	author = {Wallisch, Christine and Bach, Paul and Hafermann, Lorena and Klein, Nadja and Sauerbrei, Willi and Steyerberg, Ewout W. and Heinze, Georg and Rauch, Geraldine and , },
	editor = {Mathes, Tim},
	year = {2022},
	month = {01},
	date = {2022-01-24},
	journal = {PLOS ONE},
	pages = {e0262918},
	volume = {17},
	number = {1},
	doi = {10.1371/journal.pone.0262918},
	url = {http://dx.doi.org/10.1371/journal.pone.0262918},
	langid = {en}
}

@article{Althouse2021,
	title = {Recommendations for Statistical Reporting in Cardiovascular Medicine: A Special Report From the American Heart Association},
	author = {Althouse, Andrew D. and Below, Jennifer E. and Claggett, Brian L. and Cox, Nancy J. and de Lemos, James A. and Deo, Rahul C. and Duval, Sue and Hachamovitch, Rory and Kaul, Sanjay and Keith, Scott W. and Secemsky, Eric and Teixeira-Pinto, Armando and Roger, Veronique L. and , },
	year = {2021},
	month = {07},
	date = {2021-07-27},
	journal = {Circulation},
	volume = {144},
	number = {4},
	doi = {10.1161/circulationaha.121.055393},
	url = {http://dx.doi.org/10.1161/CIRCULATIONAHA.121.055393},
	langid = {en}
}

@article{Vickers2020,
	title = {Guidelines for Reporting of Figures and Tables for Clinical Research in Urology},
	author = {Vickers, Andrew J. and Assel, Melissa J. and Sjoberg, Daniel D. and Qin, Rui and Zhao, Zhiguo and Koyama, Tatsuki and Botchway, Albert and Wang, Xuemei and Huo, Dezheng and Kattan, Michael and Zabor, Emily C. and Harrell, Frank},
	year = {2020},
	month = {08},
	date = {2020-08},
	journal = {Urology},
	pages = {1--13},
	volume = {142},
	doi = {10.1016/j.urology.2020.05.002},
	url = {http://dx.doi.org/10.1016/j.urology.2020.05.002},
	langid = {en}
}

@article{Weissgerber2015,
	title = {Beyond Bar and Line Graphs: Time for a New Data Presentation Paradigm},
	author = {Weissgerber, Tracey L. and Milic, Natasa M. and Winham, Stacey J. and Garovic, Vesna D.},
	year = {2015},
	month = {04},
	date = {2015-04-22},
	journal = {PLOS Biology},
	pages = {e1002128},
	volume = {13},
	number = {4},
	doi = {10.1371/journal.pbio.1002128},
	url = {http://dx.doi.org/10.1371/journal.pbio.1002128},
	langid = {en}
}

@article{Weissgerber2019,
	title = {Reveal, Don{\textquoteright}t Conceal},
	author = {Weissgerber, Tracey L. and Winham, Stacey J. and Heinzen, Ethan P. and Milin-Lazovic, Jelena S. and Garcia-Valencia, Oscar and Bukumiric, Zoran and Savic, Marko D. and Garovic, Vesna D. and Milic, Natasa M.},
	year = {2019},
	month = {10},
	date = {2019-10-29},
	journal = {Circulation},
	pages = {1506--1518},
	volume = {140},
	number = {18},
	doi = {10.1161/circulationaha.118.037777},
	url = {http://dx.doi.org/10.1161/CIRCULATIONAHA.118.037777},
	langid = {en}
}

@article{degrooth2023,
	title = {Heterogeneity between studies can be explained more reliably with individual patient data},
	author = {de Grooth, Harm-Jan and Parienti, Jean-Jacques},
	year = {2023},
	month = {07},
	date = {2023-07-19},
	journal = {Intensive Care Medicine},
	doi = {10.1007/s00134-023-07163-z},
	url = {http://dx.doi.org/10.1007/s00134-023-07163-z},
	langid = {en}
}

@article{box1964,
	title = {An Analysis of Transformations},
	author = {Box, G. E. P. and Cox, D. R.},
	year = {1964},
	month = {07},
	date = {1964-07},
	journal = {Journal of the Royal Statistical Society: Series B (Methodological)},
	pages = {211--243},
	volume = {26},
	number = {2},
	doi = {10.1111/j.2517-6161.1964.tb00553.x},
	url = {http://dx.doi.org/10.1111/j.2517-6161.1964.tb00553.x},
	langid = {en}
}

@article{osborne2010,
	title = {Improving your data transformations: Applying the Box-Cox transformation},
	author = {Osborne, Jason },
	year = {2010},
	date = {2010},
	journal = {University of Massachusetts Amherst},
	doi = {10.7275/QBPC-GK17},
	url = {https://scholarworks.umass.edu/pare/vol15/iss1/12/}
}

@article{MASS,
	title = {Modern Applied Statistics with S},
	author = {Venables, W. N. and Ripley, B. D.},
	year = {2002},
	date = {2002},
	url = {https://www.stats.ox.ac.uk/pub/MASS4/}
}

@article{Prince2017,
	title = {An evaluation of common methods for dichotomization of continuous variables to discriminate disease status},
	author = {Nelson, S. L. Prince and Ramakrishnan, V. and Nietert, P. J. and Kamen, D. L. and Ramos, P. S. and Wolf, B. J.},
	year = {2017},
	month = {08},
	date = {2017-08-02},
	journal = {Communications in Statistics - Theory and Methods},
	pages = {10823--10834},
	volume = {46},
	number = {21},
	doi = {10.1080/03610926.2016.1248783},
	url = {http://dx.doi.org/10.1080/03610926.2016.1248783},
	langid = {en}
}

@article{YOUDEN1950,
	title = {Index for rating diagnostic tests},
	author = {Youden, W. J.},
	year = {1950},
	date = {1950},
	journal = {Cancer},
	pages = {32--35},
	volume = {3},
	number = {1},
	doi = {10.1002/1097-0142(1950)3:1<32::aid-cncr2820030106>3.0.co;2-3},
	url = {http://dx.doi.org/10.1002/1097-0142(1950)3:1<32::aid-cncr2820030106>3.0.co;2-3},
	langid = {en}
}

@article{strobl2007,
	title = {Unbiased split selection for classification trees based on the Gini Index},
	author = {Strobl, Carolin and Boulesteix, Anne-Laure and Augustin, Thomas},
	year = {2007},
	month = {09},
	date = {2007-09},
	journal = {Computational Statistics & Data Analysis},
	pages = {483--501},
	volume = {52},
	number = {1},
	doi = {10.1016/j.csda.2006.12.030},
	url = {http://dx.doi.org/10.1016/j.csda.2006.12.030},
	langid = {en}
}

@article{Greiner2000,
	title = {Principles and practical application of the receiver-operating characteristic analysis for diagnostic tests},
	author = {Greiner, M and Pfeiffer, D and Smith, R.D},
	year = {2000},
	month = {05},
	date = {2000-05},
	journal = {Preventive Veterinary Medicine},
	pages = {23--41},
	volume = {45},
	number = {1-2},
	doi = {10.1016/s0167-5877(00)00115-x},
	url = {http://dx.doi.org/10.1016/s0167-5877(00)00115-x},
	langid = {en}
}

@article{fleiss1971,
	title = {Measuring nominal scale agreement among many raters.},
	author = {Fleiss, Joseph L.},
	year = {1971},
	month = {11},
	date = {1971-11},
	journal = {Psychological Bulletin},
	pages = {378--382},
	volume = {76},
	number = {5},
	doi = {10.1037/h0031619},
	url = {http://dx.doi.org/10.1037/h0031619},
	langid = {en}
}

@article{pearson1900,
	title = {X. {\emph{On the criterion that a given system of deviations from the probable in the case of a correlated system of variables is such that it can be reasonably supposed to have arisen from random sampling}}},
	author = {Pearson, Karl},
	year = {1900},
	month = {07},
	date = {1900-07},
	journal = {The London, Edinburgh, and Dublin Philosophical Magazine and Journal of Science},
	pages = {157--175},
	volume = {50},
	number = {302},
	doi = {10.1080/14786440009463897},
	url = {http://dx.doi.org/10.1080/14786440009463897},
	langid = {en}
}

@article{Süt2014,
	title = {Study Designs in Medicine},
	author = {Sut, Necdet},
	year = {2015},
	month = {01},
	date = {2015-01-15},
	journal = {Balkan Medical Journal},
	pages = {273--277},
	volume = {31},
	number = {4},
	doi = {10.5152/balkanmedj.2014.1408},
	url = {http://dx.doi.org/10.5152/balkanmedj.2014.1408}
}

@article{Chidambaram2019,
	title = {Clinical research study designs: The essentials},
	author = {Chidambaram, Ambika G. and Josephson, Maureen},
	year = {2019},
	month = {12},
	date = {2019-12},
	journal = {PEDIATRIC INVESTIGATION},
	pages = {245--252},
	volume = {3},
	number = {4},
	doi = {10.1002/ped4.12166},
	url = {http://dx.doi.org/10.1002/ped4.12166},
	langid = {en}
}

@article{Grant2009,
	title = {A typology of reviews: an analysis of 14 review types and associated methodologies},
	author = {Grant, Maria J. and Booth, Andrew},
	year = {2009},
	month = {05},
	date = {2009-05-27},
	journal = {Health Information & Libraries Journal},
	pages = {91--108},
	volume = {26},
	number = {2},
	doi = {10.1111/j.1471-1842.2009.00848.x},
	url = {http://dx.doi.org/10.1111/j.1471-1842.2009.00848.x},
	langid = {en}
}

@article{Chassé2019,
	title = {Diagnostic Accuracy Studies},
	author = {{Chassé}, {Michaël} and Fergusson, Dean A.},
	year = {2019},
	month = {03},
	date = {2019-03},
	journal = {Seminars in Nuclear Medicine},
	pages = {87--93},
	volume = {49},
	number = {2},
	doi = {10.1053/j.semnuclmed.2018.11.005},
	url = {http://dx.doi.org/10.1053/j.semnuclmed.2018.11.005},
	langid = {en}
}

@article{Yang2021,
	title = {Study designs for comparative diagnostic test accuracy: A methodological review and classification scheme},
	author = {Yang, Bada and Olsen, Maria and Vali, Yasaman and Langendam, Miranda W. and Takwoingi, Yemisi and Hyde, Christopher J. and Bossuyt, Patrick M.M. and Leeflang, Mariska M.G.},
	year = {2021},
	month = {10},
	date = {2021-10},
	journal = {Journal of Clinical Epidemiology},
	pages = {128--138},
	volume = {138},
	doi = {10.1016/j.jclinepi.2021.04.013},
	url = {http://dx.doi.org/10.1016/j.jclinepi.2021.04.013},
	langid = {en}
}

@article{Souza2017,
	title = {Propriedades psicométricas na avaliação de instrumentos: avaliação da confiabilidade e da validade},
	author = {Souza, {Ana Cláudia de} and Alexandre, Neusa Maria Costa and Guirardello, {Edinêis de Brito} and Souza, {Ana Cláudia de} and Alexandre, Neusa Maria Costa and Guirardello, {Edinêis de Brito}},
	year = {2017},
	month = {07},
	date = {2017-07},
	journal = {Epidemiologia e Serviços de Saúde},
	pages = {649--659},
	volume = {26},
	number = {3},
	doi = {10.5123/s1679-49742017000300022},
	url = {http://dx.doi.org/10.5123/S1679-49742017000300022},
	langid = {pt}
}

@article{echevarría-guanilo2019,
	title = {PSYCHOMETRIC PROPERTIES OF MEASUREMENT INSTRUMENTS: CONCEPTUAL BASIS AND EVALUATION METHODS - PART II},
	author = {{Echevarría-Guanilo}, Maria Elena and {Gonçalves}, {Natália} and Romanoski, Priscila Juceli},
	year = {2019},
	date = {2019},
	journal = {Texto & Contexto - Enfermagem},
	volume = {28},
	doi = {10.1590/1980-265x-tce-2017-0311},
	url = {http://dx.doi.org/10.1590/1980-265X-tce-2017-0311}
}

@article{Erdemir2020,
	title = {Credible practice of modeling and simulation in healthcare: ten rules from a multidisciplinary perspective},
	author = {Erdemir, Ahmet and Mulugeta, Lealem and Ku, Joy P. and Drach, Andrew and Horner, Marc and Morrison, Tina M. and Peng, Grace C. Y. and Vadigepalli, Rajanikanth and Lytton, William W. and Myers, Jerry G.},
	year = {2020},
	month = {09},
	date = {2020-09-29},
	journal = {Journal of Translational Medicine},
	volume = {18},
	number = {1},
	doi = {10.1186/s12967-020-02540-4},
	url = {http://dx.doi.org/10.1186/s12967-020-02540-4},
	langid = {en}
}

@article{chipman2022,
	title = {Let's practice what we preach: Planning and interpreting simulation studies with design and analysis of experiments},
	author = {Chipman, Hugh and Bingham, Derek},
	year = {2022},
	month = {08},
	date = {2022-08-18},
	journal = {Canadian Journal of Statistics},
	pages = {1228--1249},
	volume = {50},
	number = {4},
	doi = {10.1002/cjs.11719},
	url = {http://dx.doi.org/10.1002/cjs.11719},
	langid = {en}
}

@article{reeves2017,
	title = {Quasi-experimental study designs series{\textemdash}paper 5: a checklist for classifying studies evaluating the effects on health interventions{\textemdash}a taxonomy without labels},
	author = {Reeves, Barnaby C. and Wells, George A. and Waddington, Hugh},
	year = {2017},
	month = {09},
	date = {2017-09},
	journal = {Journal of Clinical Epidemiology},
	pages = {30--42},
	volume = {89},
	doi = {10.1016/j.jclinepi.2017.02.016},
	url = {http://dx.doi.org/10.1016/j.jclinepi.2017.02.016},
	langid = {en}
}
