@Manual{base,
title = {{R}: A Language and Environment for Statistical Computing},
  author = {{R Core Team}},
  organization = {R Foundation for Statistical Computing},
  address = {Vienna, Austria},
  year = {2023},
  url = {https://www.R-project.org/},
}
@Manual{bookdown2023,
title = {{bookdown}: Authoring Books and Technical Documents with R Markdown},
  author = {Yihui Xie},
  year = {2023},
  note = {R package version 0.35},
  url = {https://github.com/rstudio/bookdown},
}

@Book{bookdown2016,
title = {{bookdown}: Authoring Books and Technical Documents with {R} Markdown},
  author = {Yihui Xie},
  publisher = {Chapman and Hall/CRC},
  address = {Boca Raton, Florida},
  year = {2016},
  isbn = {978-1138700109},
  url = {https://bookdown.org/yihui/bookdown},
}
@Manual{devtools,
title = {{devtools}: Tools to Make Developing R Packages Easier},
  author = {Hadley Wickham and Jim Hester and Winston Chang and Jennifer Bryan},
  year = {2022},
  note = {R package version 2.4.5},
  url = {https://CRAN.R-project.org/package=devtools},
}
@Manual{emo,
title = {{emo}: Easily Insert `{Emoji}'},
  author = {Hadley Wickham and Romain François and Lucy {D'Agostino McGowan}},
  year = {2023},
  note = {R package version 0.0.0.9000},
  url = {https://github.com/hadley/emo},
}
@Manual{fontawesome,
title = {{fontawesome}: Easily Work with `{Font Awesome}' Icons},
  author = {Richard Iannone},
  year = {2023},
  note = {R package version 0.5.2},
  url = {https://CRAN.R-project.org/package=fontawesome},
}
@Manual{kableExtra,
title = {{kableExtra}: Construct Complex Table with `{kable}' and Pipe Syntax},
  author = {Hao Zhu},
  year = {2023},
  note = {http://haozhu233.github.io/kableExtra/,
https://github.com/haozhu233/kableExtra},
}
@Manual{knitr2023,
title = {{knitr}: A General-Purpose Package for Dynamic Report Generation in R},
  author = {Yihui Xie},
  year = {2023},
  note = {R package version 1.43},
  url = {https://yihui.org/knitr/},
}

@Book{knitr2015,
  title = {Dynamic Documents with {R} and knitr},
  author = {Yihui Xie},
  publisher = {Chapman and Hall/CRC},
  address = {Boca Raton, Florida},
  year = {2015},
  edition = {2nd},
  note = {ISBN 978-1498716963},
  url = {https://yihui.org/knitr/},
}

@InCollection{knitr2014,
  booktitle = {Implementing Reproducible Computational Research},
  editor = {Victoria Stodden and Friedrich Leisch and Roger D. Peng},
title = {{knitr}: A Comprehensive Tool for Reproducible Research in {R}},
  author = {Yihui Xie},
  publisher = {Chapman and Hall/CRC},
  year = {2014},
  note = {ISBN 978-1466561595},
}
@Manual{png,
title = {{png}: Read and write PNG images},
  author = {Simon Urbanek},
  year = {2022},
  note = {R package version 0.1-8},
  url = {https://CRAN.R-project.org/package=png},
}
@Manual{remotes,
title = {{remotes}: R Package Installation from Remote Repositories, Including
`{GitHub}'},
  author = {Gábor Csárdi and Jim Hester and Hadley Wickham and Winston Chang and Martin Morgan and Dan Tenenbaum},
  year = {2023},
  note = {R package version 2.4.2.1},
  url = {https://CRAN.R-project.org/package=remotes},
}
@Manual{rmarkdown2023,
title = {{rmarkdown}: Dynamic Documents for R},
  author = {JJ Allaire and Yihui Xie and Christophe Dervieux and Jonathan McPherson and Javier Luraschi and Kevin Ushey and Aron Atkins and Hadley Wickham and Joe Cheng and Winston Chang and Richard Iannone},
  year = {2023},
  note = {R package version 2.24},
  url = {https://github.com/rstudio/rmarkdown},
}

@Book{rmarkdown2018,
  title = {R Markdown: The Definitive Guide},
  author = {Yihui Xie and J.J. Allaire and Garrett Grolemund},
  publisher = {Chapman and Hall/CRC},
  address = {Boca Raton, Florida},
  year = {2018},
  isbn = {9781138359338},
  url = {https://bookdown.org/yihui/rmarkdown},
}

@Book{rmarkdown2020,
  title = {R Markdown Cookbook},
  author = {Yihui Xie and Christophe Dervieux and Emily Riederer},
  publisher = {Chapman and Hall/CRC},
  address = {Boca Raton, Florida},
  year = {2020},
  isbn = {9780367563837},
  url = {https://bookdown.org/yihui/rmarkdown-cookbook},
}
@Manual{webshot,
title = {{webshot}: Take Screenshots of Web Pages},
  author = {Winston Chang},
  year = {2023},
  note = {R package version 0.5.5},
  url = {https://CRAN.R-project.org/package=webshot},
}
@Article{tidyverse,
  title = {Welcome to the {tidyverse}},
  author = {Hadley Wickham and Mara Averick and Jennifer Bryan and Winston Chang and Lucy D'Agostino McGowan and Romain François and Garrett Grolemund and Alex Hayes and Lionel Henry and Jim Hester and Max Kuhn and Thomas Lin Pedersen and Evan Miller and Stephan Milton Bache and Kirill Müller and Jeroen Ooms and David Robinson and Dana Paige Seidel and Vitalie Spinu and Kohske Takahashi and Davis Vaughan and Claus Wilke and Kara Woo and Hiroaki Yutani},
  year = {2019},
  journal = {Journal of Open Source Software},
  volume = {4},
  number = {43},
  pages = {1686},
  doi = {10.21105/joss.01686},
}

@article{Cummings2003,
	title = {Reporting Statistical Information in Medical Journal Articles},
	author = {Cummings, Peter and Rivara, Frederick P.},
	year = {2003},
	month = {04},
	date = {2003-04-01},
	journal = {Archives of Pediatrics & Adolescent Medicine},
	pages = {321},
	volume = {157},
	number = {4},
	doi = {10.1001/archpedi.157.4.321},
	url = {http://dx.doi.org/10.1001/archpedi.157.4.321},
	langid = {en}
}

@article{wasserstein2016,
	title = {The ASA Statement on {\emph{p}}-Values: Context, Process, and Purpose},
	author = {Wasserstein, Ronald L. and Lazar, Nicole A.},
	year = {2016},
	month = {04},
	date = {2016-04-02},
	journal = {The American Statistician},
	pages = {129--133},
	volume = {70},
	number = {2},
	doi = {10.1080/00031305.2016.1154108},
	url = {http://dx.doi.org/10.1080/00031305.2016.1154108},
	langid = {en}
}

@article{altman1995,
	title = {Statistics notes: Absence of evidence is not evidence of absence},
	author = {Altman, D. G and Bland, J M.},
	year = {1995},
	month = {08},
	date = {1995-08-19},
	journal = {BMJ},
	pages = {485--485},
	volume = {311},
	number = {7003},
	doi = {10.1136/bmj.311.7003.485},
	url = {http://dx.doi.org/10.1136/bmj.311.7003.485},
	langid = {en}
}
