@article{Benford1938,
  issn         = {0003049X},
  url          = {http://www.jstor.org/stable/984802},
  author       = {Frank Benford},
  journal      = {Proceedings of the American Philosophical Society},
  number       = {4},
  pages        = {551--572},
  publisher    = {American Philosophical Society},
  title        = {The Law of Anomalous Numbers},
  urldate      = {2024-11-24},
  volume       = {78},
  year         = {1938},
}

@article{Kahan2014,
  title        = {The risks and rewards of covariate adjustment in randomized trials: an assessment of 12 outcomes from 8 studies},
  author       = {Kahan, Brennan C and Jairath, Vipul and {Doré}, Caroline J and Morris, Tim P},
  year         = {2014},
  month        = {04},
  date         = {2014-04-23},
  journal      = {Trials},
  volume       = {15},
  number       = {1},
  doi          = {10.1186/1745-6215-15-139},
  url          = {http://dx.doi.org/10.1186/1745-6215-15-139},
  langid       = {en},
}

@article{Altman1999,
  title        = {Statistics notes Variables and parameters},
  author       = {Altman, D. G and Bland, J M.},
  year         = {1999},
  month        = {06},
  date         = {1999-06-19},
  journal      = {BMJ},
  pages        = {1667--1667},
  volume       = {318},
  number       = {7199},
  doi          = {10.1136/bmj.318.7199.1667},
  url          = {http://dx.doi.org/10.1136/bmj.318.7199.1667},
  langid       = {en},
}

@Book{kanji2006,
  title        = {100 Statistical Tests},
  author       = {Kanji, Gopal},
  year         = {2006},
  date         = {2006},
  doi          = {10.4135/9781849208499},
  url          = {http://dx.doi.org/10.4135/9781849208499},
  publisher    = {SAGE Publications Ltd},
}

@article{Bland1994,
  title        = {Statistics notes: Matching},
  author       = {Bland, J M and Altman, D G},
  year         = {1994},
  month        = {10},
  date         = {1994-10-29},
  journal      = {BMJ},
  pages        = {1128--1128},
  volume       = {309},
  number       = {6962},
  doi          = {10.1136/bmj.309.6962.1128},
  url          = {http://dx.doi.org/10.1136/bmj.309.6962.1128},
  langid       = {en},
}

@article{Altman2007,
  title        = {Missing data},
  author       = {Altman, Douglas G and Bland, J Martin},
  year         = {2007},
  month        = {02},
  date         = {2007-02-22},
  journal      = {BMJ},
  pages        = {424--424},
  volume       = {334},
  number       = {7590},
  doi          = {10.1136/bmj.38977.682025.2c},
  url          = {http://dx.doi.org/10.1136/bmj.38977.682025.2C},
  langid       = {en},
}

@article{Altman2006,
  title        = {The cost of dichotomising continuous variables},
  author       = {Altman, Douglas G and Royston, Patrick},
  year         = {2006},
  month        = {05},
  date         = {2006-05-04},
  journal      = {BMJ},
  pages        = {1080.1},
  volume       = {332},
  number       = {7549},
  doi          = {10.1136/bmj.332.7549.1080},
  url          = {http://dx.doi.org/10.1136/bmj.332.7549.1080},
  langid       = {en},
}

@article{Collins2016,
  title        = {Quantifying the impact of different approaches for handling continuous predictors on the performance of a prognostic model},
  author       = {Collins, Gary S. and Ogundimu, Emmanuel O. and Cook, Jonathan A. and Manach, Yannick Le and Altman, Douglas G.},
  year         = {2016},
  month        = {05},
  date         = {2016-05-18},
  journal      = {Statistics in Medicine},
  pages        = {4124--4135},
  volume       = {35},
  number       = {23},
  doi          = {10.1002/sim.6986},
  url          = {http://dx.doi.org/10.1002/sim.6986},
  langid       = {en},
}

@article{Olson2021,
  title        = {What Are Data?},
  author       = {Olson, Karin},
  year         = {2021},
  month        = {05},
  date         = {2021-05-24},
  journal      = {Qualitative Health Research},
  pages        = {1567--1569},
  volume       = {31},
  number       = {9},
  doi          = {10.1177/10497323211015960},
  url          = {http://dx.doi.org/10.1177/10497323211015960},
  langid       = {en},
}

@misc{oxford.2012,
  title        = {Oxford.},
  year         = {2012},
  month        = {01},
  date         = {2012-01-05},
  publisher    = {Oxford University Press},
  doi          = {10.1093/ref:odnb/91810},
  url          = {http://dx.doi.org/10.1093/ref:odnb/91810},
}

@article{Gardner1986,
  title        = {Use of check lists in assessing the statistical content of medical studies.},
  author       = {Gardner, M J and Machin, D and Campbell, M J},
  year         = {1986},
  month        = {03},
  date         = {1986-03-22},
  journal      = {BMJ},
  pages        = {810--812},
  volume       = {292},
  number       = {6523},
  doi          = {10.1136/bmj.292.6523.810},
  url          = {http://dx.doi.org/10.1136/bmj.292.6523.810},
  langid       = {en},
}

@article{Mansournia2021,
  title        = {A CHecklist for statistical Assessment of Medical Papers (the CHAMP statement): explanation and elaboration},
  author       = {Mansournia, Mohammad Ali and Collins, Gary S and Nielsen, Rasmus Oestergaard and Nazemipour, Maryam and Jewell, Nicholas P and Altman, Douglas G and Campbell, Michael J},
  year         = {2021},
  month        = {01},
  date         = {2021-01-29},
  journal      = {British Journal of Sports Medicine},
  pages        = {1009--1017},
  volume       = {55},
  number       = {18},
  doi          = {10.1136/bjsports-2020-103652},
  url          = {http://dx.doi.org/10.1136/bjsports-2020-103652},
  langid       = {en},
}

@article{Lang2015,
  title        = {Basic statistical reporting for articles published in Biomedical Journals: The {\textquotedblleft}Statistical Analyses and Methods in the Published Literature{\textquotedblright} or the SAMPL Guidelines},
  author       = {Lang, Thomas A. and Altman, Douglas G.},
  year         = {2015},
  month        = {01},
  date         = {2015-01},
  journal      = {International Journal of Nursing Studies},
  pages        = {5--9},
  volume       = {52},
  number       = {1},
  doi          = {10.1016/j.ijnurstu.2014.09.006},
  url          = {http://dx.doi.org/10.1016/j.ijnurstu.2014.09.006},
  langid       = {en},
}

@article{Royston2006,
  title        = {Dichotomizing continuous predictors in multiple regression: a bad idea},
  author       = {Royston, Patrick and Altman, Douglas G. and Sauerbrei, Willi},
  year         = {2005},
  date         = {2005},
  journal      = {Statistics in Medicine},
  pages        = {127--141},
  volume       = {25},
  number       = {1},
  doi          = {10.1002/sim.2331},
  url          = {http://dx.doi.org/10.1002/sim.2331},
  langid       = {en},
}

@article{Lynggaard2022,
  title        = {Principles and recommendations for incorporating estimands into clinical study protocol templates},
  author       = {Lynggaard, Helle and Bell, James and {Lösch}, Christian and Besseghir, Amel and Rantell, Khadija and Schoder, Volker and Lanius, Vivian},
  year         = {2022},
  month        = {08},
  date         = {2022-08-19},
  journal      = {Trials},
  volume       = {23},
  number       = {1},
  doi          = {10.1186/s13063-022-06515-2},
  url          = {http://dx.doi.org/10.1186/s13063-022-06515-2},
  langid       = {en},
}

@article{Gamble2017,
  title        = {Guidelines for the Content of Statistical Analysis Plans in Clinical Trials},
  author       = {Gamble, Carrol and Krishan, Ashma and Stocken, Deborah and Lewis, Steff and Juszczak, Edmund and {Doré}, Caroline and Williamson, Paula R. and Altman, Douglas G. and Montgomery, Alan and Lim, Pilar and Berlin, Jesse and Senn, Stephen and Day, Simon and Barbachano, Yolanda and Loder, Elizabeth},
  year         = {2017},
  month        = {12},
  date         = {2017-12-19},
  journal      = {JAMA},
  pages        = {2337},
  volume       = {318},
  number       = {23},
  doi          = {10.1001/jama.2017.18556},
  url          = {http://dx.doi.org/10.1001/jama.2017.18556},
  langid       = {en},
}

@article{Gil-Sierra2020,
  title        = {Checklist for clinical applicability of subgroup analysis},
  author       = {{Gil{-}Sierra}, Manuel David and {Fénix{-}Caballero}, Silvia and {Abdel kader{-}Martin}, Laila and {Fraga{-}Fuentes}, Maria Dolores and {Sánchez{-}Hidalgo}, Marina and {Alarcón de la Lastra{-}Romero}, Catalina and {Alegre{-}del Rey}, {Emilio Jesús}},
  year         = {2019},
  month        = {12},
  date         = {2019-12-18},
  journal      = {Journal of Clinical Pharmacy and Therapeutics},
  pages        = {530--538},
  volume       = {45},
  number       = {3},
  doi          = {10.1111/jcpt.13102},
  url          = {http://dx.doi.org/10.1111/jcpt.13102},
  langid       = {en},
}

@article{lang1997,
  title        = {How to Report Statistics in Medicine},
  author       = {Lang, Thomas A. and Secic, Michelle},
  year         = {1997},
  month        = {05},
  date         = {1997-05},
  journal      = {The Nurse Practitioner},
  pages        = {198},
  volume       = {22},
  number       = {5},
  doi          = {10.1097/00006205-199705000-00022},
  url          = {http://dx.doi.org/10.1097/00006205-199705000-00022},
  langid       = {en},
}

@article{Inskip2017,
  title        = {Getting started with tables},
  author       = {Inskip, Hazel and Ntani, Georgia and Westbury, Leo and Di Gravio, Chiara and {D{\textquoteright}Angelo}, Stefania and Parsons, Camille and Baird, Janis},
  year         = {2017},
  month        = {03},
  date         = {2017-03-20},
  journal      = {Archives of Public Health},
  volume       = {75},
  number       = {1},
  doi          = {10.1186/s13690-017-0180-1},
  url          = {http://dx.doi.org/10.1186/s13690-017-0180-1},
  langid       = {en},
}

@article{Kwak2021,
  title        = {The principles of presenting statistical results: Table},
  author       = {Kwak, Sang Gyu and Kang, Hyun and Kim, Jong Hae and Kim, Tae Kyun and Ahn, EunJin and Lee, Dong Kyu and Lee, Sangseok and Park, Jae Hong and Nahm, Francis Sahngun and In, Junyong},
  year         = {2021},
  month        = {04},
  date         = {2021-04-01},
  journal      = {Korean Journal of Anesthesiology},
  pages        = {115--119},
  volume       = {74},
  number       = {2},
  doi          = {10.4097/kja.20582},
  url          = {http://dx.doi.org/10.4097/kja.20582},
  langid       = {en},
}

@article{Hayes-Larson2019,
  title        = {Who is in this study, anyway? Guidelines for a useful Table~1},
  author       = {Hayes-Larson, Eleanor and Kezios, Katrina L. and Mooney, Stephen J. and Lovasi, Gina},
  year         = {2019},
  month        = {10},
  date         = {2019-10},
  journal      = {Journal of Clinical Epidemiology},
  pages        = {125--132},
  volume       = {114},
  doi          = {10.1016/j.jclinepi.2019.06.011},
  url          = {http://dx.doi.org/10.1016/j.jclinepi.2019.06.011},
  langid       = {en},
}

@article{Westreich2013,
  title        = {The Table~2 Fallacy: Presenting and Interpreting Confounder and Modifier Coefficients},
  author       = {Westreich, D. and Greenland, S.},
  year         = {2013},
  month        = {01},
  date         = {2013-01-30},
  journal      = {American Journal of Epidemiology},
  pages        = {292--298},
  volume       = {177},
  number       = {4},
  doi          = {10.1093/aje/kws412},
  url          = {http://dx.doi.org/10.1093/aje/kws412},
  langid       = {en},
}

@article{Park2022,
  title        = {The principles of presenting statistical results using figures},
  author       = {Park, Jae Hong and Lee, Dong Kyu and Kang, Hyun and Kim, Jong Hae and Nahm, Francis Sahngun and Ahn, EunJin and In, Junyong and Kwak, Sang Gyu and Lim, Chi-Yeon},
  year         = {2022},
  month        = {04},
  date         = {2022-04-01},
  journal      = {Korean Journal of Anesthesiology},
  pages        = {139--150},
  volume       = {75},
  number       = {2},
  doi          = {10.4097/kja.21508},
  url          = {http://dx.doi.org/10.4097/kja.21508},
  langid       = {en},
}

@article{Mascha2017,
  title        = {The Statistical Checklist and Statistical Review},
  author       = {Mascha, Edward J. and Vetter, Thomas R.},
  year         = {2017},
  month        = {03},
  date         = {2017-03},
  journal      = {Anesthesia & Analgesia},
  pages        = {719--721},
  volume       = {124},
  number       = {3},
  doi          = {10.1213/ane.0000000000001863},
  url          = {http://dx.doi.org/10.1213/ANE.0000000000001863},
  langid       = {en},
}

@article{Bland1996,
  title        = {Statistics Notes: Transforming data},
  author       = {Bland, J M. and Altman, D. G},
  year         = {1996},
  month        = {03},
  date         = {1996-03-23},
  journal      = {BMJ},
  pages        = {770--770},
  volume       = {312},
  number       = {7033},
  doi          = {10.1136/bmj.312.7033.770},
  url          = {http://dx.doi.org/10.1136/bmj.312.7033.770},
  langid       = {en},
}

@article{Cao2022,
  title        = {Review and evaluation of imputation methods for multivariate longitudinal data with mixed{-}type incomplete variables},
  author       = {Cao, Yi and Allore, Heather and Vander Wyk, Brent and Gutman, Roee},
  year         = {2022},
  month        = {10},
  date         = {2022-10-11},
  journal      = {Statistics in Medicine},
  doi          = {10.1002/sim.9592},
  url          = {http://dx.doi.org/10.1002/sim.9592},
  langid       = {en},
}

@article{Heymans2022,
  title        = {Handling missing data in clinical research},
  author       = {Heymans, Martijn W. and Twisk, Jos W.R.},
  year         = {2022},
  month        = {09},
  date         = {2022-09},
  journal      = {Journal of Clinical Epidemiology},
  doi          = {10.1016/j.jclinepi.2022.08.016},
  url          = {http://dx.doi.org/10.1016/j.jclinepi.2022.08.016},
  langid       = {en},
}

@article{Borenstein2022,
  title        = {In a meta-analysis, the I-squared statistic does not tell us how much the effect size varies},
  author       = {Borenstein, Michael},
  year         = {2022},
  month        = {10},
  date         = {2022-10},
  journal      = {Journal of Clinical Epidemiology},
  doi          = {10.1016/j.jclinepi.2022.10.003},
  url          = {http://dx.doi.org/10.1016/j.jclinepi.2022.10.003},
  langid       = {en},
}

@article{Rücker2008,
  title        = {Undue reliance on I 2 in assessing heterogeneity may mislead},
  author       = {{Rücker}, Gerta and Schwarzer, Guido and Carpenter, James R and Schumacher, Martin},
  year         = {2008},
  month        = {11},
  date         = {2008-11-27},
  journal      = {BMC Medical Research Methodology},
  volume       = {8},
  number       = {1},
  doi          = {10.1186/1471-2288-8-79},
  url          = {http://dx.doi.org/10.1186/1471-2288-8-79},
  langid       = {en},
}

@article{Sun1996,
  title        = {Inappropriate use of bivariable analysis to screen risk factors for use in multivariable analysis},
  author       = {Sun, Guo-Wen and Shook, Thomas L. and Kay, Gregory L.},
  year         = {1996},
  month        = {08},
  date         = {1996-08},
  journal      = {Journal of Clinical Epidemiology},
  pages        = {907--916},
  volume       = {49},
  number       = {8},
  doi          = {10.1016/0895-4356(96)00025-x},
  url          = {http://dx.doi.org/10.1016/0895-4356(96)00025-x},
  langid       = {en},
}

@article{groves2008,
  title        = {Research methods and reporting},
  author       = {Groves, T.},
  year         = {2008},
  month        = {10},
  date         = {2008-10-22},
  journal      = {BMJ},
  pages        = {a2201--a2201},
  volume       = {337},
  number       = {oct22 1},
  doi          = {10.1136/bmj.a2201},
  url          = {http://dx.doi.org/10.1136/bmj.a2201},
  langid       = {en},
}

@article{assel2019,
  title        = {Guidelines for Reporting of Statistics for Clinical Research in Urology},
  author       = {Assel, Melissa and Sjoberg, Daniel and Elders, Andrew and Wang, Xuemei and Huo, Dezheng and Botchway, Albert and Delfino, Kristin and Fan, Yunhua and Zhao, Zhiguo and Koyama, Tatsuki and Hollenbeck, Brent and Qin, Rui and Zahnd, Whitney and Zabor, Emily C. and Kattan, Michael W. and Vickers, Andrew J.},
  year         = {2019},
  month        = {03},
  date         = {2019-03},
  journal      = {Journal of Urology},
  pages        = {595--604},
  volume       = {201},
  number       = {3},
  doi          = {10.1097/ju.0000000000000001},
  url          = {http://dx.doi.org/10.1097/JU.0000000000000001},
  langid       = {en},
}

@article{stratton2005,
  title        = {How to ensure your paper is rejected by the statistical reviewer},
  author       = {Stratton, I. M. and Neil, A.},
  year         = {2005},
  month        = {04},
  date         = {2005-04},
  journal      = {Diabetic Medicine},
  pages        = {371--373},
  volume       = {22},
  number       = {4},
  doi          = {10.1111/j.1464-5491.2004.01443.x},
  url          = {http://dx.doi.org/10.1111/j.1464-5491.2004.01443.x},
  langid       = {en},
}

@article{broman2018,
  title        = {Data Organization in Spreadsheets},
  author       = {Broman, Karl W. and Woo, Kara H.},
  year         = {2018},
  month        = {01},
  date         = {2018-01-02},
  journal      = {The American Statistician},
  pages        = {2--10},
  volume       = {72},
  number       = {1},
  doi          = {10.1080/00031305.2017.1375989},
  url          = {http://dx.doi.org/10.1080/00031305.2017.1375989},
  langid       = {en},
}

@article{Juluru2015,
  title        = {Use of Spreadsheets for Research Data Collection and Preparation:},
  author       = {Juluru, Krishna and Eng, John},
  year         = {2015},
  month        = {12},
  date         = {2015-12},
  journal      = {Academic Radiology},
  pages        = {1592--1599},
  volume       = {22},
  number       = {12},
  doi          = {10.1016/j.acra.2015.08.024},
  url          = {http://dx.doi.org/10.1016/j.acra.2015.08.024},
  langid       = {en},
}

@article{ferreira2021,
  title        = {Double threshold receiver operating characteristic plot for three-modal continuous predictors},
  author       = {Ferreira, {Arthur De Sá} and Meziat-Filho, Ney and Ferreira, Ana Paula Antunes},
  year         = {2021},
  month        = {02},
  date         = {2021-02-02},
  journal      = {Computational Statistics},
  pages        = {2231--2245},
  volume       = {36},
  number       = {3},
  doi          = {10.1007/s00180-021-01080-9},
  url          = {http://dx.doi.org/10.1007/s00180-021-01080-9},
  langid       = {en},
}

@article{Altman1997,
  title        = {Statistics Notes: Units of analysis},
  author       = {Altman, D. G and Bland, J M.},
  year         = {1997},
  month        = {06},
  date         = {1997-06-28},
  journal      = {BMJ},
  pages        = {1874--1874},
  volume       = {314},
  number       = {7098},
  doi          = {10.1136/bmj.314.7098.1874},
  url          = {http://dx.doi.org/10.1136/bmj.314.7098.1874},
  langid       = {en},
}

@article{Matthews1990,
  title        = {Analysis of serial measurements in medical research.},
  author       = {Matthews, J N and Altman, D G and Campbell, M J and Royston, P},
  year         = {1990},
  month        = {01},
  date         = {1990-01-27},
  journal      = {BMJ},
  pages        = {230--235},
  volume       = {300},
  number       = {6719},
  doi          = {10.1136/bmj.300.6719.230},
  url          = {http://dx.doi.org/10.1136/bmj.300.6719.230},
  langid       = {en},
}

@article{carpenter2021,
  title        = {Missing data: A statistical framework for practice},
  author       = {Carpenter, James R. and Smuk, Melanie},
  year         = {2021},
  month        = {02},
  date         = {2021-02-24},
  journal      = {Biometrical Journal},
  pages        = {915--947},
  volume       = {63},
  number       = {5},
  doi          = {10.1002/bimj.202000196},
  url          = {http://dx.doi.org/10.1002/bimj.202000196},
  langid       = {en},
}

@article{kaliyadan2019,
  title        = {Types of variables, descriptive statistics, and sample size},
  author       = {Kaliyadan, Feroze and Kulkarni, Vinay},
  year         = {2019},
  date         = {2019},
  journal      = {Indian Dermatology Online Journal},
  pages        = {82},
  volume       = {10},
  number       = {1},
  doi          = {10.4103/idoj.idoj_468_18},
  url          = {http://dx.doi.org/10.4103/idoj.IDOJ_468_18},
  langid       = {en},
}

@article{vetter2017,
  title        = {Fundamentals of Research Data and Variables},
  author       = {Vetter, Thomas R.},
  year         = {2017},
  month        = {10},
  date         = {2017-10},
  journal      = {Anesthesia & Analgesia},
  pages        = {1375--1380},
  volume       = {125},
  number       = {4},
  doi          = {10.1213/ane.0000000000002370},
  url          = {http://dx.doi.org/10.1213/ANE.0000000000002370},
  langid       = {en},
}

@article{Ali2016,
  title        = {Basic statistical tools in research and data analysis},
  author       = {Ali, Zulfiqar and Bhaskar, SBala},
  year         = {2016},
  date         = {2016},
  journal      = {Indian Journal of Anaesthesia},
  pages        = {662},
  volume       = {60},
  number       = {9},
  doi          = {10.4103/0019-5049.190623},
  url          = {http://dx.doi.org/10.4103/0019-5049.190623},
  langid       = {en},
}

@article{Lee2021a,
  title        = {Framework for the treatment and reporting of missing data in observational studies: The Treatment And Reporting of Missing data in Observational Studies framework},
  author       = {Lee, Katherine J. and Tilling, Kate M. and Cornish, Rosie P. and Little, Roderick J.A. and Bell, Melanie L. and Goetghebeur, Els and Hogan, Joseph W. and Carpenter, James R.},
  year         = {2021},
  month        = {06},
  date         = {2021-06},
  journal      = {Journal of Clinical Epidemiology},
  pages        = {79--88},
  volume       = {134},
  doi          = {10.1016/j.jclinepi.2021.01.008},
  url          = {http://dx.doi.org/10.1016/j.jclinepi.2021.01.008},
  langid       = {en},
}

@article{Akl2015,
  title        = {Reporting missing participant data in randomised trials: systematic survey of the methodological literature and a proposed guide},
  author       = {Akl, Elie A and Shawwa, Khaled and Kahale, Lara A and Agoritsas, Thomas and Brignardello-Petersen, Romina and Busse, Jason W and {Carrasco{\textendash}Labra}, Alonso and Ebrahim, Shanil and Johnston, Bradley C and Neumann, Ignacio and Sola, Ivan and Sun, Xin and Vandvik, Per and Zhang, Yuqing and Alonso-Coello, Pablo and Guyatt, Gordon H},
  year         = {2015},
  month        = {12},
  date         = {2015-12},
  journal      = {BMJ Open},
  pages        = {e008431},
  volume       = {5},
  number       = {12},
  doi          = {10.1136/bmjopen-2015-008431},
  url          = {http://dx.doi.org/10.1136/bmjopen-2015-008431},
  langid       = {en},
}

@Manual{formatR,
  title        = {formatR: Format R Code Automatically},
  author       = {Xie, Yihui},
  year         = {2022},
  date         = {2022},
  url          = {https://CRAN.R-project.org/package=formatR},
}

@article{SchwabSimon2021,
  title        = {Statistical programming: Small mistakes, big impacts},
  author       = {{Schwab, Simon} and {Held, Leonhard}},
  year         = {2021},
  date         = {2021},
  journal      = {Wiley-Blackwell Publishing, Inc.},
  doi          = {10.5167/UZH-205154},
  url          = {https://www.zora.uzh.ch/id/eprint/205154},
}

@Manual{misty,
  title        = {misty: Miscellaneous Functions},
  author       = {Yanagida, Takuya},
  year         = {2023},
  date         = {2023},
  url          = {https://CRAN.R-project.org/package=misty},
}

@article{little1988,
  title        = {A Test of Missing Completely at Random for Multivariate Data with Missing Values},
  author       = {Little, Roderick J. A.},
  year         = {1988},
  month        = {12},
  date         = {1988-12},
  journal      = {Journal of the American Statistical Association},
  pages        = {1198--1202},
  volume       = {83},
  number       = {404},
  doi          = {10.1080/01621459.1988.10478722},
  url          = {http://dx.doi.org/10.1080/01621459.1988.10478722},
  langid       = {en},
}

@article{roberts1999,
  title        = {Understanding controlled trials: Baseline imbalance in randomised controlled trials},
  author       = {Roberts, C. and Torgerson, D. J},
  year         = {1999},
  month        = {07},
  date         = {1999-07-17},
  journal      = {BMJ},
  pages        = {185--185},
  volume       = {319},
  number       = {7203},
  doi          = {10.1136/bmj.319.7203.185},
  url          = {http://dx.doi.org/10.1136/bmj.319.7203.185},
  langid       = {en},
}

@misc{gruijters2020,
  title        = {Baseline comparisons and covariate fishing: Bad statistical habits we should have broken yesterday},
  author       = {Gruijters, Stefan L.K.},
  year         = {2020},
  month        = {07},
  date         = {2020-07-08},
  url          = {http://dx.doi.org/10.31234/osf.io/qftwg},
}

@article{mice,
  title        = {{\textbraceleft}mice{\textbraceright}: Multivariate Imputation by Chained Equations in R},
  author       = {van Buuren, Stef and Groothuis-Oudshoorn, Karin},
  year         = {2011},
  date         = {2011},
  pages        = {1--67},
  volume       = {45},
  doi          = {10.18637/jss.v045.i03},
  journal      = {Journal of Statistical Software},
}

@Manual{miceadds,
  title        = {miceadds: Some Additional Multiple Imputation Functions, Especially for {\textbraceleft}mice{\textbraceright}},
  author       = {Robitzsch, Alexander and Grund, Simon},
  year         = {2023},
  date         = {2023},
  url          = {https://CRAN.R-project.org/package=miceadds},
}

@Manual{table1,
  title        = {table1: Tables of Descriptive Statistics in HTML},
  author       = {Rich, Benjamin},
  year         = {2023},
  date         = {2023},
  url          = {https://CRAN.R-project.org/package=table1},
}

@Book{ggplot2,
  title        = {ggplot2: Elegant Graphics for Data Analysis},
  author       = {Wickham, Hadley},
  year         = {2016},
  date         = {2016},
  url          = {https://ggplot2.tidyverse.org},
  publisher    = {Springer},
}

@Book{plotly,
  title        = {Interactive Web-Based Data Visualization with R, plotly, and shiny},
  author       = {Sievert, Carson},
  year         = {2020},
  date         = {2020},
  url          = {https://plotly-r.com},
  publisher    = {Chapman and Hall/CRC},
}

@Manual{DataExplorer,
  title        = {DataExplorer: Automate Data Exploration and Treatment},
  author       = {Cui, Boxuan},
  year         = {2020},
  date         = {2020},
  url          = {https://CRAN.R-project.org/package=DataExplorer},
}

@article{Hidalgo2013,
  title        = {Multivariate or Multivariable Regression?},
  author       = {Hidalgo, Bertha and Goodman, Melody},
  year         = {2013},
  month        = {01},
  date         = {2013-01},
  journal      = {American Journal of Public Health},
  pages        = {39--40},
  volume       = {103},
  number       = {1},
  doi          = {10.2105/ajph.2012.300897},
  url          = {http://dx.doi.org/10.2105/AJPH.2012.300897},
  langid       = {en},
}

@article{Altman1994,
  title        = {Statistics Notes: Quartiles, quintiles, centiles, and other quantiles},
  author       = {Altman, D G and Bland, J M},
  year         = {1994},
  month        = {10},
  date         = {1994-10-15},
  journal      = {BMJ},
  pages        = {996--996},
  volume       = {309},
  number       = {6960},
  doi          = {10.1136/bmj.309.6960.996},
  url          = {http://dx.doi.org/10.1136/bmj.309.6960.996},
  langid       = {en},
}

@article{Bruce2022,
  title        = {A systematic review of randomisation method use in RCTs and association of trial design characteristics with method selection},
  author       = {Bruce, Cydney L. and Juszczak, Edmund and Ogollah, Reuben and Partlett, Christopher and Montgomery, Alan},
  year         = {2022},
  month        = {12},
  date         = {2022-12-07},
  journal      = {BMC Medical Research Methodology},
  volume       = {22},
  number       = {1},
  doi          = {10.1186/s12874-022-01786-4},
  url          = {http://dx.doi.org/10.1186/s12874-022-01786-4},
  langid       = {en},
}

@article{Dales1978,
  title        = {An Improper Use of Statistical Significance Testing in Studying Covariables},
  author       = {DALES, LORING G and URY, HANS K},
  year         = {1978},
  date         = {1978},
  journal      = {International Journal of Epidemiology},
  pages        = {373--376},
  volume       = {7},
  number       = {4},
  doi          = {10.1093/ije/7.4.373},
  url          = {http://dx.doi.org/10.1093/ije/7.4.373},
  langid       = {en},
}

@article{Eglen2017,
  title        = {Toward standard practices for sharing computer code and programs in neuroscience},
  author       = {Eglen, Stephen J and Marwick, Ben and Halchenko, Yaroslav O and Hanke, Michael and Sufi, Shoaib and Gleeson, Padraig and Silver, R Angus and Davison, Andrew P and Lanyon, Linda and Abrams, Mathew and Wachtler, Thomas and Willshaw, David J and Pouzat, Christophe and Poline, Jean-Baptiste},
  year         = {2017},
  month        = {06},
  date         = {2017-06},
  journal      = {Nature Neuroscience},
  pages        = {770--773},
  volume       = {20},
  number       = {6},
  doi          = {10.1038/nn.4550},
  url          = {http://dx.doi.org/10.1038/nn.4550},
  langid       = {en},
}

@article{Vickers2001a,
  title        = {Statistics Notes: Analysing controlled trials with baseline and follow up measurements},
  author       = {Vickers, A. J and Altman, D. G},
  year         = {2001},
  month        = {11},
  date         = {2001-11-10},
  journal      = {BMJ},
  pages        = {1123--1124},
  volume       = {323},
  number       = {7321},
  doi          = {10.1136/bmj.323.7321.1123},
  url          = {http://dx.doi.org/10.1136/bmj.323.7321.1123},
  langid       = {en},
}

@article{Hauck1998,
  title        = {Should We Adjust for Covariates in Nonlinear Regression Analyses of Randomized Trials?},
  author       = {Hauck, Walter W. and Anderson, Sharon and Marcus, Sue M.},
  year         = {1998},
  month        = {06},
  date         = {1998-06},
  journal      = {Controlled Clinical Trials},
  pages        = {249--256},
  volume       = {19},
  number       = {3},
  doi          = {10.1016/s0197-2456(97)00147-5},
  url          = {http://dx.doi.org/10.1016/s0197-2456(97)00147-5},
  langid       = {en},
}

@article{OConnell2017,
  title        = {Methods for Analysis of Pre-Post Data in Clinical Research: A Comparison of Five Common Methods},
  author       = {O Connell, Nathaniel S and Dai, Lin and Jiang, Yunyun and Speiser, Jaime L and Ward, Ralph and Wei, Wei and Carroll, Rachel and Gebregziabher, Mulugeta},
  year         = {2017},
  date         = {2017},
  journal      = {Journal of Biometrics & Biostatistics},
  volume       = {08},
  number       = {01},
  doi          = {10.4172/2155-6180.1000334},
  url          = {http://dx.doi.org/10.4172/2155-6180.1000334},
}

@article{Zhao2023,
  title        = {Electronic common technical document submission with analysis using R},
  author       = {Zhao, Yujie and Xiao, Nan and Anderson, Keaven and Zhang, Yilong},
  year         = {2022},
  month        = {09},
  date         = {2022-09-28},
  journal      = {Clinical Trials},
  pages        = {89--92},
  volume       = {20},
  number       = {1},
  doi          = {10.1177/17407745221123244},
  url          = {http://dx.doi.org/10.1177/17407745221123244},
  langid       = {en},
}

@Manual{pkglite,
  title        = {pkglite: Compact Package Representations},
  author       = {Xiao, Nan and Zhang, Yilong and Anderson, Keaven},
  year         = {2022},
  date         = {2022},
  url          = {https://CRAN.R-project.org/package=pkglite},
}

@article{dwivedi2019,
  title        = {Evidence{-}based statistical analysis and methods in biomedical research (SAMBR) checklists according to design features},
  author       = {Dwivedi, Alok Kumar and Shukla, Rakesh},
  year         = {2019},
  month        = {08},
  date         = {2019-08-22},
  journal      = {CANCER REPORTS},
  volume       = {3},
  number       = {4},
  doi          = {10.1002/cnr2.1211},
  url          = {http://dx.doi.org/10.1002/cnr2.1211},
  langid       = {en},
}

@article{Sauerbrei2014,
  title        = {STRengthening Analytical Thinking for Observational Studies: the STRATOS initiative},
  author       = {Sauerbrei, Willi and Abrahamowicz, Michal and Altman, Douglas G. and Cessie, Saskia and Carpenter, James and , },
  year         = {2014},
  month        = {07},
  date         = {2014-07-30},
  journal      = {Statistics in Medicine},
  pages        = {5413--5432},
  volume       = {33},
  number       = {30},
  doi          = {10.1002/sim.6265},
  url          = {http://dx.doi.org/10.1002/sim.6265},
  langid       = {en},
}

@article{Dwivedi2022,
  title        = {How to Write Statistical Analysis Section in Medical Research},
  author       = {Dwivedi, Alok Kumar},
  year         = {2022},
  month        = {12},
  date         = {2022-12},
  journal      = {Journal of Investigative Medicine},
  pages        = {1759--1770},
  volume       = {70},
  number       = {8},
  doi          = {10.1136/jim-2022-002479},
  url          = {http://dx.doi.org/10.1136/jim-2022-002479},
  langid       = {en},
}

@Manual{data.table,
  title        = {data.table: Extension of `data.frame`},
  author       = {Dowle, Matt and Srinivasan, Arun},
  year         = {2023},
  date         = {2023},
  url          = {https://CRAN.R-project.org/package=data.table},
}

@article{modelsummary,
  title        = {{\textbraceleft}modelsummary{\textbraceright}: Data and Model Summaries in {\textbraceleft}R{\textbraceright}},
  author       = {Arel-Bundock, Vincent},
  year         = {2022},
  date         = {2022},
  volume       = {103},
  doi          = {10.18637/jss.v103.i01},
  journal      = {Journal of Statistical Software},
}

@article{tierney2023,
  title        = {Expanding Tidy Data Principles to Facilitate Missing Data Exploration, Visualization and Assessment of Imputations},
  author       = {Tierney, Nicholas and Cook, Dianne},
  year         = {2023},
  date         = {2023},
  journal      = {Journal of Statistical Software},
  volume       = {105},
  number       = {7},
  doi          = {10.18637/jss.v105.i07},
  url          = {http://dx.doi.org/10.18637/jss.v105.i07},
  langid       = {en},
}

@article{Altman2003,
  title        = {Statistics Notes: Interaction revisited: the difference between two estimates},
  author       = {Altman, D. G},
  year         = {2003},
  month        = {01},
  date         = {2003-01-25},
  journal      = {BMJ},
  pages        = {219--219},
  volume       = {326},
  number       = {7382},
  doi          = {10.1136/bmj.326.7382.219},
  url          = {http://dx.doi.org/10.1136/bmj.326.7382.219},
}

@article{Altman1996,
  title        = {Statistics Notes: Interaction 1: heterogeneity of effects},
  author       = {Altman, D. G and Matthews, J. N S},
  year         = {1996},
  month        = {08},
  date         = {1996-08-24},
  journal      = {BMJ},
  pages        = {486--486},
  volume       = {313},
  number       = {7055},
  doi          = {10.1136/bmj.313.7055.486},
  url          = {http://dx.doi.org/10.1136/bmj.313.7055.486},
  langid       = {en},
}

@article{Dettori2018,
  title        = {The Anatomy of Data},
  author       = {Dettori, Joseph R. and Norvell, Daniel C.},
  year         = {2018},
  month        = {01},
  date         = {2018-01-30},
  journal      = {Global Spine Journal},
  pages        = {311--313},
  volume       = {8},
  number       = {3},
  doi          = {10.1177/2192568217746998},
  url          = {http://dx.doi.org/10.1177/2192568217746998},
  langid       = {en},
}

@article{Matthews1996,
  title        = {Statistics Notes: Interaction 2: compare effect sizes not P values},
  author       = {Matthews, J. N S and Altman, D. G},
  year         = {1996},
  month        = {09},
  date         = {1996-09-28},
  journal      = {BMJ},
  pages        = {808--808},
  volume       = {313},
  number       = {7060},
  doi          = {10.1136/bmj.313.7060.808},
  url          = {http://dx.doi.org/10.1136/bmj.313.7060.808},
  langid       = {en},
}

@article{Wallisch2022,
  title        = {Review of guidance papers on regression modeling in statistical series of medical journals},
  author       = {Wallisch, Christine and Bach, Paul and Hafermann, Lorena and Klein, Nadja and Sauerbrei, Willi and Steyerberg, Ewout W. and Heinze, Georg and Rauch, Geraldine and , },
  editor       = {Mathes, Tim},
  year         = {2022},
  month        = {01},
  date         = {2022-01-24},
  journal      = {PLOS ONE},
  pages        = {e0262918},
  volume       = {17},
  number       = {1},
  doi          = {10.1371/journal.pone.0262918},
  url          = {http://dx.doi.org/10.1371/journal.pone.0262918},
  langid       = {en},
}

@article{Althouse2021,
  title        = {Recommendations for Statistical Reporting in Cardiovascular Medicine: A Special Report From the American Heart Association},
  author       = {Althouse, Andrew D. and Below, Jennifer E. and Claggett, Brian L. and Cox, Nancy J. and de Lemos, James A. and Deo, Rahul C. and Duval, Sue and Hachamovitch, Rory and Kaul, Sanjay and Keith, Scott W. and Secemsky, Eric and Teixeira-Pinto, Armando and Roger, Veronique L. and , },
  year         = {2021},
  month        = {07},
  date         = {2021-07-27},
  journal      = {Circulation},
  volume       = {144},
  number       = {4},
  doi          = {10.1161/circulationaha.121.055393},
  url          = {http://dx.doi.org/10.1161/CIRCULATIONAHA.121.055393},
  langid       = {en},
}

@article{Vickers2020,
  title        = {Guidelines for Reporting of Figures and Tables for Clinical Research in Urology},
  author       = {Vickers, Andrew J. and Assel, Melissa J. and Sjoberg, Daniel D. and Qin, Rui and Zhao, Zhiguo and Koyama, Tatsuki and Botchway, Albert and Wang, Xuemei and Huo, Dezheng and Kattan, Michael and Zabor, Emily C. and Harrell, Frank},
  year         = {2020},
  month        = {08},
  date         = {2020-08},
  journal      = {Urology},
  pages        = {1--13},
  volume       = {142},
  doi          = {10.1016/j.urology.2020.05.002},
  url          = {http://dx.doi.org/10.1016/j.urology.2020.05.002},
  langid       = {en},
}

@article{Weissgerber2015,
  title        = {Beyond Bar and Line Graphs: Time for a New Data Presentation Paradigm},
  author       = {Weissgerber, Tracey L. and Milic, Natasa M. and Winham, Stacey J. and Garovic, Vesna D.},
  year         = {2015},
  month        = {04},
  date         = {2015-04-22},
  journal      = {PLOS Biology},
  pages        = {e1002128},
  volume       = {13},
  number       = {4},
  doi          = {10.1371/journal.pbio.1002128},
  url          = {http://dx.doi.org/10.1371/journal.pbio.1002128},
  langid       = {en},
}

@article{Weissgerber2019,
  title        = {Reveal, Don{\textquoteright}t Conceal},
  author       = {Weissgerber, Tracey L. and Winham, Stacey J. and Heinzen, Ethan P. and Milin-Lazovic, Jelena S. and Garcia-Valencia, Oscar and Bukumiric, Zoran and Savic, Marko D. and Garovic, Vesna D. and Milic, Natasa M.},
  year         = {2019},
  month        = {10},
  date         = {2019-10-29},
  journal      = {Circulation},
  pages        = {1506--1518},
  volume       = {140},
  number       = {18},
  doi          = {10.1161/circulationaha.118.037777},
  url          = {http://dx.doi.org/10.1161/CIRCULATIONAHA.118.037777},
  langid       = {en},
}

@article{degrooth2023,
  title        = {Heterogeneity between studies can be explained more reliably with individual patient data},
  author       = {de Grooth, Harm-Jan and Parienti, Jean-Jacques},
  year         = {2023},
  month        = {07},
  date         = {2023-07-19},
  journal      = {Intensive Care Medicine},
  doi          = {10.1007/s00134-023-07163-z},
  url          = {http://dx.doi.org/10.1007/s00134-023-07163-z},
  langid       = {en},
}

@article{box1964,
  title        = {An Analysis of Transformations},
  author       = {Box, G. E. P. and Cox, D. R.},
  year         = {1964},
  month        = {07},
  date         = {1964-07},
  journal      = {Journal of the Royal Statistical Society: Series B (Methodological)},
  pages        = {211--243},
  volume       = {26},
  number       = {2},
  doi          = {10.1111/j.2517-6161.1964.tb00553.x},
  url          = {http://dx.doi.org/10.1111/j.2517-6161.1964.tb00553.x},
  langid       = {en},
}

@article{osborne2010,
  title        = {Improving your data transformations: Applying the Box-Cox transformation},
  author       = {Osborne, Jason },
  year         = {2010},
  date         = {2010},
  journal      = {University of Massachusetts Amherst},
  doi          = {10.7275/QBPC-GK17},
  url          = {https://scholarworks.umass.edu/pare/vol15/iss1/12/},
}

@Book{MASS,
  title        = {Modern Applied Statistics with S},
  author       = {Venables, W. N. and Ripley, B. D.},
  year         = {2002},
  date         = {2002},
  url          = {https://www.stats.ox.ac.uk/pub/MASS4/},
  publisher    = {Springer},
}

@article{Prince2017,
  title        = {An evaluation of common methods for dichotomization of continuous variables to discriminate disease status},
  author       = {Nelson, S. L. Prince and Ramakrishnan, V. and Nietert, P. J. and Kamen, D. L. and Ramos, P. S. and Wolf, B. J.},
  year         = {2017},
  month        = {08},
  date         = {2017-08-02},
  journal      = {Communications in Statistics -- Theory and Methods},
  pages        = {10823--10834},
  volume       = {46},
  number       = {21},
  doi          = {10.1080/03610926.2016.1248783},
  url          = {http://dx.doi.org/10.1080/03610926.2016.1248783},
  langid       = {en},
}

@article{YOUDEN1950,
  title        = {Index for rating diagnostic tests},
  author       = {Youden, W. J.},
  year         = {1950},
  date         = {1950},
  journal      = {Cancer},
  pages        = {32--35},
  volume       = {3},
  number       = {1},
  doi          = {10.1002/1097-0142(1950)3:1<32::aid-cncr2820030106>3.0.co;2-3},
  url          = {http://dx.doi.org/10.1002/1097-0142(1950)3:1<32::aid-cncr2820030106>3.0.co;2-3},
  langid       = {en},
}

@article{strobl2007,
  title        = {Unbiased split selection for classification trees based on the Gini Index},
  author       = {Strobl, Carolin and Boulesteix, Anne-Laure and Augustin, Thomas},
  year         = {2007},
  month        = {09},
  date         = {2007-09},
  journal      = {Computational Statistics & Data Analysis},
  pages        = {483--501},
  volume       = {52},
  number       = {1},
  doi          = {10.1016/j.csda.2006.12.030},
  url          = {http://dx.doi.org/10.1016/j.csda.2006.12.030},
  langid       = {en},
}

@article{Greiner2000,
  title        = {Principles and practical application of the receiver-operating characteristic analysis for diagnostic tests},
  author       = {Greiner, M and Pfeiffer, D and Smith, R.D},
  year         = {2000},
  month        = {05},
  date         = {2000-05},
  journal      = {Preventive Veterinary Medicine},
  pages        = {23--41},
  volume       = {45},
  number       = {1-2},
  doi          = {10.1016/s0167-5877(00)00115-x},
  url          = {http://dx.doi.org/10.1016/s0167-5877(00)00115-x},
  langid       = {en},
}

@article{fleiss1971,
  title        = {Measuring nominal scale agreement among many raters.},
  author       = {Fleiss, Joseph L.},
  year         = {1971},
  month        = {11},
  date         = {1971-11},
  journal      = {Psychological Bulletin},
  pages        = {378--382},
  volume       = {76},
  number       = {5},
  doi          = {10.1037/h0031619},
  url          = {http://dx.doi.org/10.1037/h0031619},
  langid       = {en},
}

@article{pearson1900,
  title        = {X. {\emph{On the criterion that a given system of deviations from the probable in the case of a correlated system of variables is such that it can be reasonably supposed to have arisen from random sampling}}},
  author       = {Pearson, Karl},
  year         = {1900},
  month        = {07},
  date         = {1900-07},
  journal      = {The London, Edinburgh, and Dublin Philosophical Magazine and Journal of Science},
  pages        = {157--175},
  volume       = {50},
  number       = {302},
  doi          = {10.1080/14786440009463897},
  url          = {http://dx.doi.org/10.1080/14786440009463897},
  langid       = {en},
}

@article{Süt2014,
  title        = {Study Designs in Medicine},
  author       = {Sut, Necdet},
  year         = {2015},
  month        = {01},
  date         = {2015-01-15},
  journal      = {Balkan Medical Journal},
  pages        = {273--277},
  volume       = {31},
  number       = {4},
  doi          = {10.5152/balkanmedj.2014.1408},
  url          = {http://dx.doi.org/10.5152/balkanmedj.2014.1408},
}

@article{Chidambaram2019,
  title        = {Clinical research study designs: The essentials},
  author       = {Chidambaram, Ambika G. and Josephson, Maureen},
  year         = {2019},
  month        = {12},
  date         = {2019-12},
  journal      = {PEDIATRIC INVESTIGATION},
  pages        = {245--252},
  volume       = {3},
  number       = {4},
  doi          = {10.1002/ped4.12166},
  url          = {http://dx.doi.org/10.1002/ped4.12166},
  langid       = {en},
}

@article{Grant2009,
  title        = {A typology of reviews: an analysis of 14 review types and associated methodologies},
  author       = {Grant, Maria J. and Booth, Andrew},
  year         = {2009},
  month        = {05},
  date         = {2009-05-27},
  journal      = {Health Information & Libraries Journal},
  pages        = {91--108},
  volume       = {26},
  number       = {2},
  doi          = {10.1111/j.1471-1842.2009.00848.x},
  url          = {http://dx.doi.org/10.1111/j.1471-1842.2009.00848.x},
  langid       = {en},
}

@article{Chassé2019,
  title        = {Diagnostic Accuracy Studies},
  author       = {{Chassé}, {Michaël} and Fergusson, Dean A.},
  year         = {2019},
  month        = {03},
  date         = {2019-03},
  journal      = {Seminars in Nuclear Medicine},
  pages        = {87--93},
  volume       = {49},
  number       = {2},
  doi          = {10.1053/j.semnuclmed.2018.11.005},
  url          = {http://dx.doi.org/10.1053/j.semnuclmed.2018.11.005},
  langid       = {en},
}

@article{Yang2021,
  title        = {Study designs for comparative diagnostic test accuracy: A methodological review and classification scheme},
  author       = {Yang, Bada and Olsen, Maria and Vali, Yasaman and Langendam, Miranda W. and Takwoingi, Yemisi and Hyde, Christopher J. and Bossuyt, Patrick M.M. and Leeflang, Mariska M.G.},
  year         = {2021},
  month        = {10},
  date         = {2021-10},
  journal      = {Journal of Clinical Epidemiology},
  pages        = {128--138},
  volume       = {138},
  doi          = {10.1016/j.jclinepi.2021.04.013},
  url          = {http://dx.doi.org/10.1016/j.jclinepi.2021.04.013},
  langid       = {en},
}

@article{Souza2017,
  title        = {Propriedades psicométricas na avaliação de instrumentos: avaliação da confiabilidade e da validade},
  author       = {Souza, {Ana Cláudia de} and Alexandre, Neusa Maria Costa and Guirardello, {Edinêis de Brito} and Souza, {Ana Cláudia de} and Alexandre, Neusa Maria Costa and Guirardello, {Edinêis de Brito}},
  year         = {2017},
  month        = {07},
  date         = {2017-07},
  journal      = {Epidemiologia e Serviços de Saúde},
  pages        = {649--659},
  volume       = {26},
  number       = {3},
  doi          = {10.5123/s1679-49742017000300022},
  url          = {http://dx.doi.org/10.5123/S1679-49742017000300022},
  langid       = {pt},
}

@article{echevarría-guanilo2019,
  title        = {PSYCHOMETRIC PROPERTIES OF MEASUREMENT INSTRUMENTS: CONCEPTUAL BASIS AND EVALUATION METHODS -- PART II},
  author       = {{Echevarría-Guanilo}, Maria Elena and {Gonçalves}, {Natália} and Romanoski, Priscila Juceli},
  year         = {2019},
  date         = {2019},
  journal      = {Texto & Contexto -- Enfermagem},
  volume       = {28},
  doi          = {10.1590/1980-265x-tce-2017-0311},
  url          = {http://dx.doi.org/10.1590/1980-265X-tce-2017-0311},
}

@article{Erdemir2020,
  title        = {Credible practice of modeling and simulation in healthcare: ten rules from a multidisciplinary perspective},
  author       = {Erdemir, Ahmet and Mulugeta, Lealem and Ku, Joy P. and Drach, Andrew and Horner, Marc and Morrison, Tina M. and Peng, Grace C. Y. and Vadigepalli, Rajanikanth and Lytton, William W. and Myers, Jerry G.},
  year         = {2020},
  month        = {09},
  date         = {2020-09-29},
  journal      = {Journal of Translational Medicine},
  volume       = {18},
  number       = {1},
  doi          = {10.1186/s12967-020-02540-4},
  url          = {http://dx.doi.org/10.1186/s12967-020-02540-4},
  langid       = {en},
}

@article{chipman2022,
  title        = {Let's practice what we preach: Planning and interpreting simulation studies with design and analysis of experiments},
  author       = {Chipman, Hugh and Bingham, Derek},
  year         = {2022},
  month        = {08},
  date         = {2022-08-18},
  journal      = {Canadian Journal of Statistics},
  pages        = {1228--1249},
  volume       = {50},
  number       = {4},
  doi          = {10.1002/cjs.11719},
  url          = {http://dx.doi.org/10.1002/cjs.11719},
  langid       = {en},
}

@article{reeves2017,
  title        = {Quasi-experimental study designs series{\textemdash}paper 5: a checklist for classifying studies evaluating the effects on health interventions{\textemdash}a taxonomy without labels},
  author       = {Reeves, Barnaby C. and Wells, George A. and Waddington, Hugh},
  year         = {2017},
  month        = {09},
  date         = {2017-09},
  journal      = {Journal of Clinical Epidemiology},
  pages        = {30--42},
  volume       = {89},
  doi          = {10.1016/j.jclinepi.2017.02.016},
  url          = {http://dx.doi.org/10.1016/j.jclinepi.2017.02.016},
  langid       = {en},
}

@article{Altman2008,
  title        = {EQUATOR: reporting guidelines for health research},
  author       = {Altman, Douglas G and Simera, Iveta and Hoey, John and Moher, David and Schulz, Ken},
  year         = {2008},
  month        = {04},
  date         = {2008-04},
  journal      = {The Lancet},
  pages        = {1149--1150},
  volume       = {371},
  number       = {9619},
  doi          = {10.1016/s0140-6736(08)60505-x},
  url          = {http://dx.doi.org/10.1016/S0140-6736(08)60505-X},
  langid       = {en},
}

@Manual{ggsci,
  title        = {ggsci: Scientific Journal and Sci-Fi Themed Color Palettes for {\textbraceleft}ggplot2{\textbraceright}},
  author       = {Xiao, Nan},
  year         = {2023},
  date         = {2023},
  url          = {https://CRAN.R-project.org/package=ggsci},
}

@article{ihaka1996,
  title        = {R: A Language for Data Analysis and Graphics},
  author       = {Ihaka, Ross and Gentleman, Robert},
  year         = {1996},
  month        = {09},
  date         = {1996-09},
  journal      = {Journal of Computational and Graphical Statistics},
  pages        = {299},
  volume       = {5},
  number       = {3},
  doi          = {10.2307/1390807},
  url          = {http://dx.doi.org/10.2307/1390807},
}

@article{PRISMA2020,
  title        = {PRISMA2020: An R package and Shiny app for producing PRISMA 2020-compliant flow diagrams, with interactivity for optimised digital transparency and Open Synthesis},
  author       = {Haddaway, Neal R and Page, Matthew J and Pritchard, Chris C and McGuinness, Luke A},
  year         = {2022},
  date         = {2022},
  pages        = {e1230},
  volume       = {18},
  doi          = {10.1002/cl2.1230},
  journal      = {Campbell Systematic Reviews},
}

@article{metagear,
  title        = {Facilitating systematic reviews, data extraction, and meta-analysis with the metagear package for R},
  author       = {Lajeunesse, Marc J.},
  year         = {2016},
  date         = {2016},
  pages        = {323--330},
  volume       = {7},
  number       = {3},
  doi          = {10.1111/2041-210X.12472},
  url          = {https://doi.org/10.1111/2041-210X.12472},
  journal      = {Methods in Ecology and Evolution},
}

@article{Cumming2007,
  title        = {Error bars in experimental biology},
  author       = {Cumming, Geoff and Fidler, Fiona and Vaux, David L.},
  year         = {2007},
  month        = {04},
  date         = {2007-04-09},
  journal      = {The Journal of Cell Biology},
  pages        = {7--11},
  volume       = {177},
  number       = {1},
  doi          = {10.1083/jcb.200611141},
  url          = {http://dx.doi.org/10.1083/jcb.200611141},
  langid       = {en},
}

@article{Faul2007,
  title        = {G*Power 3: A flexible statistical power analysis program for the social, behavioral, and biomedical sciences},
  author       = {Faul, Franz and Erdfelder, Edgar and Lang, Albert-Georg and Buchner, Axel},
  year         = {2007},
  month        = {05},
  date         = {2007-05},
  journal      = {Behavior Research Methods},
  pages        = {175--191},
  volume       = {39},
  number       = {2},
  doi          = {10.3758/bf03193146},
  url          = {http://dx.doi.org/10.3758/bf03193146},
  langid       = {en},
}

@article{Faul2009,
  title        = {Statistical power analyses using G*Power 3.1: Tests for correlation and regression analyses},
  author       = {Faul, Franz and Erdfelder, Edgar and Buchner, Axel and Lang, Albert-Georg},
  year         = {2009},
  month        = {11},
  date         = {2009-11},
  journal      = {Behavior Research Methods},
  pages        = {1149--1160},
  volume       = {41},
  number       = {4},
  doi          = {10.3758/brm.41.4.1149},
  url          = {http://dx.doi.org/10.3758/BRM.41.4.1149},
  langid       = {en},
}

@article{love2019,
  title        = {{\textbf{JASP}}: Graphical Statistical Software for Common Statistical Designs},
  author       = {Love, Jonathon and Selker, Ravi and Marsman, Maarten and Jamil, Tahira and Dropmann, Damian and Verhagen, Josine and Ly, Alexander and Gronau, Quentin F. and {Smíra}, Martin and Epskamp, Sacha and Matzke, Dora and Wild, Anneliese and Knight, Patrick and Rouder, Jeffrey N. and Morey, Richard D. and Wagenmakers, Eric-Jan},
  year         = {2019},
  date         = {2019},
  journal      = {Journal of Statistical Software},
  volume       = {88},
  number       = {2},
  doi          = {10.18637/jss.v088.i02},
  url          = {http://dx.doi.org/10.18637/jss.v088.i02},
  langid       = {en},
}

@article{sahin2020,
  title        = {Jamovi: An Easy to Use Statistical Software for the Social Scientists},
  author       = {{{\c{S}}AH{\.{I}}N}, Murat and AYBEK, Eren},
  year         = {2020},
  month        = {01},
  date         = {2020-01-05},
  journal      = {International Journal of Assessment Tools in Education},
  pages        = {670--692},
  volume       = {6},
  number       = {4},
  doi          = {10.21449/ijate.661803},
  url          = {http://dx.doi.org/10.21449/ijate.661803},
}

@article{Baillie2022,
  title        = {Ten simple rules for initial data analysis},
  author       = {Baillie, Mark and le Cessie, Saskia and Schmidt, Carsten Oliver and Lusa, Lara and Huebner, Marianne and , },
  year         = {2022},
  month        = {02},
  date         = {2022-02-24},
  journal      = {PLOS Computational Biology},
  pages        = {e1009819},
  volume       = {18},
  number       = {2},
  doi          = {10.1371/journal.pcbi.1009819},
  url          = {http://dx.doi.org/10.1371/journal.pcbi.1009819},
  langid       = {en},
}

@article{Kerr1998,
  title        = {HARKing: Hypothesizing After the Results are Known},
  author       = {Kerr, Norbert L.},
  year         = {1998},
  month        = {08},
  date         = {1998-08},
  journal      = {Personality and Social Psychology Review},
  pages        = {196--217},
  volume       = {2},
  number       = {3},
  doi          = {10.1207/s15327957pspr0203_4},
  url          = {http://dx.doi.org/10.1207/s15327957pspr0203_4},
  langid       = {en},
}

@article{Ferketich1986,
  title        = {Technical Notes},
  author       = {Ferketich, Sandra and Verran, Joyce},
  year         = {1986},
  month        = {11},
  date         = {1986-11},
  journal      = {Western Journal of Nursing Research},
  pages        = {464--466},
  volume       = {8},
  number       = {4},
  doi          = {10.1177/019394598600800409},
  url          = {http://dx.doi.org/10.1177/019394598600800409},
  langid       = {en},
}

@article{huebner2016,
  title        = {A systematic approach to initial data analysis is good research practice},
  author       = {Huebner, Marianne and Vach, Werner and le Cessie, Saskia},
  year         = {2016},
  month        = {01},
  date         = {2016-01},
  journal      = {The Journal of Thoracic and Cardiovascular Surgery},
  pages        = {25--27},
  volume       = {151},
  number       = {1},
  doi          = {10.1016/j.jtcvs.2015.09.085},
  url          = {http://dx.doi.org/10.1016/j.jtcvs.2015.09.085},
  langid       = {en},
}

@article{Curran-Everett2008,
  title        = {Explorations in statistics: standard deviations and standard errors},
  author       = {Curran-Everett, Douglas},
  year         = {2008},
  month        = {09},
  date         = {2008-09},
  journal      = {Advances in Physiology Education},
  pages        = {203--208},
  volume       = {32},
  number       = {3},
  doi          = {10.1152/advan.90123.2008},
  url          = {http://dx.doi.org/10.1152/advan.90123.2008},
  langid       = {en},
}

@article{Curran-Everett2009,
  title        = {Explorations in statistics: hypothesis tests and {\emph{P}} values},
  author       = {Curran-Everett, Douglas},
  year         = {2009},
  month        = {06},
  date         = {2009-06},
  journal      = {Advances in Physiology Education},
  pages        = {81--86},
  volume       = {33},
  number       = {2},
  doi          = {10.1152/advan.90218.2008},
  url          = {http://dx.doi.org/10.1152/advan.90218.2008},
  langid       = {en},
}

@article{Fedorov2009,
  title        = {Consequences of dichotomization},
  author       = {Fedorov, Valerii and Mannino, Frank and Zhang, Rongmei},
  year         = {2009},
  month        = {01},
  date         = {2009-01},
  journal      = {Pharmaceutical Statistics},
  pages        = {50--61},
  volume       = {8},
  number       = {1},
  doi          = {10.1002/pst.331},
  url          = {http://dx.doi.org/10.1002/pst.331},
  langid       = {en},
}

@article{MacCallum2002,
  title        = {On the practice of dichotomization of quantitative variables.},
  author       = {MacCallum, Robert C. and Zhang, Shaobo and Preacher, Kristopher J. and Rucker, Derek D.},
  year         = {2002},
  date         = {2002},
  journal      = {Psychological Methods},
  pages        = {19--40},
  volume       = {7},
  number       = {1},
  doi          = {10.1037/1082-989x.7.1.19},
  url          = {http://dx.doi.org/10.1037/1082-989x.7.1.19},
  langid       = {en},
}

@article{donthu2021,
  title        = {How to conduct a bibliometric analysis: An overview and guidelines},
  author       = {Donthu, Naveen and Kumar, Satish and Mukherjee, Debmalya and Pandey, Nitesh and Lim, Weng Marc},
  year         = {2021},
  month        = {09},
  date         = {2021-09},
  journal      = {Journal of Business Research},
  pages        = {285--296},
  volume       = {133},
  doi          = {10.1016/j.jbusres.2021.04.070},
  url          = {http://dx.doi.org/10.1016/j.jbusres.2021.04.070},
  langid       = {en},
}

@article{lim2023,
  title        = {Guidelines for interpreting the results of bibliometric analysis: A sensemaking approach},
  author       = {Lim, Weng Marc and Kumar, Satish},
  year         = {2023},
  month        = {08},
  date         = {2023-08-02},
  journal      = {Global Business and Organizational Excellence},
  doi          = {10.1002/joe.22229},
  url          = {http://dx.doi.org/10.1002/joe.22229},
  langid       = {en},
}

@article{altman1983,
  title        = {Measurement in Medicine: The Analysis of Method Comparison Studies},
  author       = {Altman, D. G. and Bland, J. M.},
  year         = {1983},
  month        = {09},
  date         = {1983-09},
  journal      = {The Statistician},
  pages        = {307},
  volume       = {32},
  number       = {3},
  doi          = {10.2307/2987937},
  url          = {http://dx.doi.org/10.2307/2987937},
}

@article{bland2011,
  title        = {Comparisons within randomised groups can be very misleading},
  author       = {Bland, J. M. and Altman, D. G.},
  year         = {2011},
  month        = {05},
  date         = {2011-05-06},
  journal      = {BMJ},
  pages        = {d561--d561},
  volume       = {342},
  number       = {may06 2},
  doi          = {10.1136/bmj.d561},
  url          = {http://dx.doi.org/10.1136/bmj.d561},
  langid       = {en},
}

@Manual{forcats,
  title        = {forcats: Tools for Working with Categorical Variables (Factors)},
  author       = {Wickham, Hadley},
  year         = {2023},
  date         = {2023},
  url          = {https://CRAN.R-project.org/package=forcats},
}

@Manual{explore,
  title        = {explore: Simplifies Exploratory Data Analysis},
  author       = {Krasser, Roland},
  year         = {2023},
  date         = {2023},
  url          = {https://CRAN.R-project.org/package=explore},
}

@article{Vandenbroucke2018,
  title        = {From ideas to studies: how to get ideas and sharpen them into research questions},
  author       = {Vandenbroucke, Jan P and Pearce, Neil},
  year         = {2018},
  month        = {03},
  date         = {2018-03},
  journal      = {Clinical Epidemiology},
  pages        = {253--264},
  volume       = {Volume 10},
  doi          = {10.2147/clep.s142940},
  url          = {http://dx.doi.org/10.2147/CLEP.S142940},
  langid       = {en},
}

@article{lakens2018,
  title        = {Equivalence Testing for Psychological Research: A Tutorial},
  author       = {Lakens, {Daniël} and Scheel, Anne M. and Isager, Peder M.},
  year         = {2018},
  month        = {06},
  date         = {2018-06},
  journal      = {Advances in Methods and Practices in Psychological Science},
  pages        = {259--269},
  volume       = {1},
  number       = {2},
  doi          = {10.1177/2515245918770963},
  url          = {http://dx.doi.org/10.1177/2515245918770963},
  langid       = {en},
}

@article{Stang2018,
  title        = {Imbalance <em>p</em> values for baseline covariates in randomized controlled trials: a last resort for the use of <em>p</em> values? A pro and contra debate},
  author       = {Stang, Andreas and Baethge, Christopher},
  year         = {2018},
  month        = {05},
  date         = {2018-05},
  journal      = {Clinical Epidemiology},
  pages        = {531--535},
  volume       = {Volume 10},
  doi          = {10.2147/clep.s161508},
  url          = {http://dx.doi.org/10.2147/CLEP.S161508},
  langid       = {en},
}

@article{chen2020,
  title        = {Testing for baseline differences in clinical trials},
  author       = {Chen, Henian and Lu, Yuanyuan and Slye, Nicole},
  year         = {2020},
  month        = {04},
  date         = {2020-04-22},
  journal      = {International Journal of Clinical Trials},
  pages        = {150},
  volume       = {7},
  number       = {2},
  doi          = {10.18203/2349-3259.ijct20201720},
  url          = {http://dx.doi.org/10.18203/2349-3259.ijct20201720},
}

@article{Bolzern2019,
  title        = {Baseline testing in cluster randomised controlled trials: should this be done?},
  author       = {Bolzern, Jaime E. and Mitchell, Alex and Torgerson, David J.},
  year         = {2019},
  month        = {05},
  date         = {2019-05-17},
  journal      = {BMC Medical Research Methodology},
  volume       = {19},
  number       = {1},
  doi          = {10.1186/s12874-019-0750-8},
  url          = {http://dx.doi.org/10.1186/s12874-019-0750-8},
  langid       = {en},
}

@article{Bours2023,
  title        = {Using mediators to understand effect modification and interaction},
  author       = {Bours, Martijn J.L.},
  year         = {2023},
  month        = {09},
  date         = {2023-09},
  journal      = {Journal of Clinical Epidemiology},
  doi          = {10.1016/j.jclinepi.2023.09.005},
  url          = {http://dx.doi.org/10.1016/j.jclinepi.2023.09.005},
  langid       = {en},
}

@article{findley2021,
  title        = {External Validity},
  author       = {Findley, Michael G. and Kikuta, Kyosuke and Denly, Michael},
  year         = {2021},
  month        = {05},
  date         = {2021-05-11},
  journal      = {Annual Review of Political Science},
  pages        = {365--393},
  volume       = {24},
  number       = {1},
  doi          = {10.1146/annurev-polisci-041719-102556},
  url          = {http://dx.doi.org/10.1146/annurev-polisci-041719-102556},
  langid       = {en},
}

@article{Kim2017,
  title        = {Research Techniques Made Simple: Choosing Appropriate Statistical Methods for Clinical Research},
  author       = {Kim, Noori and Fischer, Alexander H. and Dyring-Andersen, Beatrice and Rosner, Bernard and Okoye, Ginette A.},
  year         = {2017},
  month        = {10},
  date         = {2017-10},
  journal      = {Journal of Investigative Dermatology},
  pages        = {e173--e178},
  volume       = {137},
  number       = {10},
  doi          = {10.1016/j.jid.2017.08.007},
  url          = {http://dx.doi.org/10.1016/j.jid.2017.08.007},
  langid       = {en},
}

@article{marusteri2010,
  title        = {Comparing groups for statistical differences: how to choose the right statistical test?},
  author       = {Marusteri, Marius and Bacarea, Vladimir},
  year         = {2010},
  date         = {2010},
  journal      = {Biochemia Medica},
  pages        = {15--32},
  doi          = {10.11613/bm.2010.004},
  url          = {http://dx.doi.org/10.11613/BM.2010.004},
}

@article{mishra2019,
  title        = {Selection of appropriate statistical methods for data analysis},
  author       = {Mishra, Prabhaker and Pandey, ChandraMani and Singh, Uttam and Keshri, Amit and Sabaretnam, Mayilvaganan},
  year         = {2019},
  date         = {2019},
  journal      = {Annals of Cardiac Anaesthesia},
  pages        = {297},
  volume       = {22},
  number       = {3},
  doi          = {10.4103/aca.aca_248_18},
  url          = {http://dx.doi.org/10.4103/aca.ACA_248_18},
  langid       = {en},
}

@article{ray2021,
  title        = {How to choose and interpret a statistical test? An update for budding researchers},
  author       = {Ray, Avik and Najmi, Ahmad and Sadasivam, Balakrishnan},
  year         = {2021},
  date         = {2021},
  journal      = {Journal of Family Medicine and Primary Care},
  pages        = {2763},
  volume       = {10},
  number       = {8},
  doi          = {10.4103/jfmpc.jfmpc_433_21},
  url          = {http://dx.doi.org/10.4103/jfmpc.jfmpc_433_21},
  langid       = {en},
}

@article{nayak2011,
  title        = {How to choose the right statistical test?},
  author       = {Nayak, BarunK and Hazra, Avijit},
  year         = {2011},
  date         = {2011},
  journal      = {Indian Journal of Ophthalmology},
  pages        = {85},
  volume       = {59},
  number       = {2},
  doi          = {10.4103/0301-4738.77005},
  url          = {http://dx.doi.org/10.4103/0301-4738.77005},
  langid       = {en},
}

@article{shankar2014,
  title        = {Demystifying statistics: How to choose a statistical test?},
  author       = {Shankar, Subramanian and Singh, Ramakant},
  year         = {2014},
  month        = {06},
  date         = {2014-06},
  journal      = {Indian Journal of Rheumatology},
  pages        = {77--81},
  volume       = {9},
  number       = {2},
  doi          = {10.1016/j.injr.2014.04.002},
  url          = {http://dx.doi.org/10.1016/j.injr.2014.04.002},
  langid       = {en},
}

@article{Kim2017a,
  title        = {Statistical notes for clinical researchers: Chi-squared test and Fisher's exact test},
  author       = {Kim, Hae-Young},
  year         = {2017},
  date         = {2017},
  journal      = {Restorative Dentistry & Endodontics},
  pages        = {152},
  volume       = {42},
  number       = {2},
  doi          = {10.5395/rde.2017.42.2.152},
  url          = {http://dx.doi.org/10.5395/rde.2017.42.2.152},
  langid       = {en},
}

@article{McHugh2013,
  title        = {The Chi-square test of independence},
  author       = {McHugh, Mary L.},
  year         = {2013},
  date         = {2013},
  journal      = {Biochemia Medica},
  pages        = {143--149},
  doi          = {10.11613/bm.2013.018},
  url          = {http://dx.doi.org/10.11613/bm.2013.018},
}

@article{gtsummary,
  title        = {Reproducible Summary Tables with the gtsummary Package},
  author       = {Sjoberg, Daniel D. and Whiting, Karissa and Curry, Michael and Lavery, Jessica A. and Larmarange, Joseph},
  year         = {2021},
  date         = {2021},
  pages        = {570--580},
  volume       = {13},
  doi          = {10.32614/RJ-2021-053},
  url          = {https://doi.org/10.32614/RJ-2021-053},
  journal      = {The R Journal},
}

@article{Healy1995,
  title        = {Statistics from the inside. 16. Multiple regression (2).},
  author       = {Healy, M J},
  year         = {1995},
  month        = {09},
  date         = {1995-09-01},
  journal      = {Archives of Disease in Childhood},
  pages        = {270--274},
  volume       = {73},
  number       = {3},
  doi          = {10.1136/adc.73.3.270},
  url          = {http://dx.doi.org/10.1136/adc.73.3.270},
  langid       = {en},
}

@article{allison2022,
  title        = {A primer on simple measures of association taught at undergraduate level},
  author       = {Allison, James S. and Santana, Leonard and {(Jaco) Visagie}, I. J. H.},
  year         = {2022},
  month        = {05},
  date         = {2022-05-11},
  journal      = {Teaching Statistics},
  pages        = {96--103},
  volume       = {44},
  number       = {3},
  doi          = {10.1111/test.12307},
  url          = {http://dx.doi.org/10.1111/test.12307},
  langid       = {en},
}

@article{khamis2008,
  title        = {Measures of Association: How to Choose?},
  author       = {Khamis, Harry},
  year         = {2008},
  month        = {03},
  date         = {2008-03-14},
  journal      = {Journal of Diagnostic Medical Sonography},
  pages        = {155--162},
  volume       = {24},
  number       = {3},
  doi          = {10.1177/8756479308317006},
  url          = {http://dx.doi.org/10.1177/8756479308317006},
  langid       = {en},
}

@article{Kim2015,
  title        = {Statistical notes for clinical researchers: effect size},
  author       = {Kim, Hae-Young},
  year         = {2015},
  date         = {2015},
  journal      = {Restorative Dentistry & Endodontics},
  pages        = {328},
  volume       = {40},
  number       = {4},
  doi          = {10.5395/rde.2015.40.4.328},
  url          = {http://dx.doi.org/10.5395/rde.2015.40.4.328},
  langid       = {en},
}

@article{suits1957,
  title        = {Use of Dummy Variables in Regression Equations},
  author       = {Suits, Daniel B.},
  year         = {1957},
  month        = {12},
  date         = {1957-12},
  journal      = {Journal of the American Statistical Association},
  pages        = {548--551},
  volume       = {52},
  number       = {280},
  doi          = {10.1080/01621459.1957.10501412},
  url          = {http://dx.doi.org/10.1080/01621459.1957.10501412},
  langid       = {en},
}

@article{Sullivan2012,
  title        = {Using Effect Size{\textemdash}or Why the {\emph{P}} Value Is Not Enough},
  author       = {Sullivan, Gail M. and Feinn, Richard},
  year         = {2012},
  month        = {09},
  date         = {2012-09-01},
  journal      = {Journal of Graduate Medical Education},
  pages        = {279--282},
  volume       = {4},
  number       = {3},
  doi          = {10.4300/jgme-d-12-00156.1},
  url          = {http://dx.doi.org/10.4300/JGME-D-12-00156.1},
  langid       = {en},
}

@article{zuur2009,
  title        = {A protocol for data exploration to avoid common statistical problems},
  author       = {Zuur, Alain F. and Ieno, Elena N. and Elphick, Chris S.},
  year         = {2009},
  month        = {11},
  date         = {2009-11-13},
  journal      = {Methods in Ecology and Evolution},
  pages        = {3--14},
  volume       = {1},
  number       = {1},
  doi          = {10.1111/j.2041-210x.2009.00001.x},
  url          = {http://dx.doi.org/10.1111/j.2041-210X.2009.00001.x},
  langid       = {en},
}

@article{Bennette2012,
  title        = {Against quantiles: categorization of continuous variables in epidemiologic research, and its discontents},
  author       = {Bennette, Caroline and Vickers, Andrew},
  year         = {2012},
  month        = {02},
  date         = {2012-02-29},
  journal      = {BMC Medical Research Methodology},
  volume       = {12},
  number       = {1},
  doi          = {10.1186/1471-2288-12-21},
  url          = {http://dx.doi.org/10.1186/1471-2288-12-21},
  langid       = {en},
}

@Manual{fastDummies,
  title        = {fastDummies: Fast Creation of Dummy (Binary) Columns and Rows from Categorical Variables},
  author       = {Kaplan, Jacob},
  year         = {2023},
  date         = {2023},
  url          = {https://CRAN.R-project.org/package=fastDummies},
}

@article{Bacchetti2005,
  title        = {Ethics and Sample Size},
  author       = {Bacchetti, P.},
  year         = {2005},
  month        = {01},
  date         = {2005-01-15},
  journal      = {American Journal of Epidemiology},
  pages        = {105--110},
  volume       = {161},
  number       = {2},
  doi          = {10.1093/aje/kwi014},
  url          = {http://dx.doi.org/10.1093/aje/kwi014},
  langid       = {en},
}

@article{Baron1986,
  title        = {The moderator{\textendash}mediator variable distinction in social psychological research: Conceptual, strategic, and statistical considerations.},
  author       = {Baron, Reuben M. and Kenny, David A.},
  year         = {1986},
  date         = {1986},
  journal      = {Journal of Personality and Social Psychology},
  pages        = {1173--1182},
  volume       = {51},
  number       = {6},
  doi          = {10.1037/0022-3514.51.6.1173},
  url          = {http://dx.doi.org/10.1037/0022-3514.51.6.1173},
  langid       = {en},
}

@article{Bland2015,
  title        = {Statistics Notes: Bootstrap resampling methods},
  author       = {Bland, J. M. and Altman, D. G.},
  year         = {2015},
  month        = {06},
  date         = {2015-06-02},
  journal      = {BMJ},
  pages        = {h2622--h2622},
  volume       = {350},
  number       = {jun02 13},
  doi          = {10.1136/bmj.h2622},
  url          = {http://dx.doi.org/10.1136/bmj.h2622},
  langid       = {en},
}

@article{de2022,
  title        = {Interpreting area under the receiver operating characteristic curve},
  author       = {de Hond, Anne A H and Steyerberg, Ewout W and van Calster, Ben},
  year         = {2022},
  month        = {12},
  date         = {2022-12},
  journal      = {The Lancet Digital Health},
  pages        = {e853--e855},
  volume       = {4},
  number       = {12},
  doi          = {10.1016/s2589-7500(22)00188-1},
  url          = {http://dx.doi.org/10.1016/S2589-7500(22)00188-1},
  langid       = {en},
}

@Manual{tiff,
  title        = {tiff: Read and Write TIFF Images},
  author       = {Urbanek, Simon and Johnson, Kent},
  year         = {2022},
  date         = {2022},
  url          = {https://CRAN.R-project.org/package=tiff},
}

@Manual{flextable,
  title        = {flextable: Functions for Tabular Reporting},
  author       = {Gohel, David and Skintzos, Panagiotis},
  year         = {2023},
  date         = {2023},
  url          = {https://CRAN.R-project.org/package=flextable},
}

@article{Moher2015,
  title        = {Preferred reporting items for systematic review and meta-analysis protocols (PRISMA-P) 2015 statement},
  author       = {Moher, David and ,  and Shamseer, Larissa and Clarke, Mike and Ghersi, Davina and Liberati, Alessandro and Petticrew, Mark and Shekelle, Paul and Stewart, Lesley A},
  year         = {2015},
  month        = {01},
  date         = {2015-01-01},
  journal      = {Systematic Reviews},
  volume       = {4},
  number       = {1},
  doi          = {10.1186/2046-4053-4-1},
  url          = {http://dx.doi.org/10.1186/2046-4053-4-1},
  langid       = {en},
}

@article{abelson1985,
  title        = {A variance explanation paradox: When a little is a lot.},
  author       = {Abelson, Robert P.},
  year         = {1985},
  month        = {01},
  date         = {1985-01},
  journal      = {Psychological Bulletin},
  pages        = {129--133},
  volume       = {97},
  number       = {1},
  doi          = {10.1037/0033-2909.97.1.129},
  url          = {http://dx.doi.org/10.1037/0033-2909.97.1.129},
  langid       = {en},
}

@article{berkson1946,
  title        = {Limitations of the Application of Fourfold Table Analysis to Hospital Data},
  author       = {Berkson, Joseph},
  year         = {1946},
  month        = {06},
  date         = {1946-06},
  journal      = {Biometrics Bulletin},
  pages        = {47},
  volume       = {2},
  number       = {3},
  doi          = {10.2307/3002000},
  url          = {http://dx.doi.org/10.2307/3002000},
}

@article{de1996,
  title        = {The generalised Gamow-Stern problem},
  author       = {De, Subhranil and Sen, Abhijit},
  year         = {1996},
  month        = {07},
  date         = {1996-07},
  journal      = {The Mathematical Gazette},
  pages        = {345--348},
  volume       = {80},
  number       = {488},
  doi          = {10.2307/3619568},
  url          = {http://dx.doi.org/10.2307/3619568},
  langid       = {en},
}

@article{ellsberg1961,
  title        = {Risk, Ambiguity, and the Savage Axioms},
  author       = {Ellsberg, Daniel},
  year         = {1961},
  month        = {11},
  date         = {1961-11},
  journal      = {The Quarterly Journal of Economics},
  pages        = {643},
  volume       = {75},
  number       = {4},
  doi          = {10.2307/1884324},
  url          = {http://dx.doi.org/10.2307/1884324},
}

@article{freedman1983,
  title        = {A Note on Screening Regression Equations},
  author       = {Freedman, David A. and Freedman, David A.},
  year         = {1983},
  month        = {05},
  date         = {1983-05},
  journal      = {The American Statistician},
  pages        = {152--155},
  volume       = {37},
  number       = {2},
  doi          = {10.1080/00031305.1983.10482729},
  url          = {http://dx.doi.org/10.1080/00031305.1983.10482729},
  langid       = {en},
}

@article{freedman1989,
  title        = {Return to a Note on Screening Regression Equations},
  author       = {Freedman, Laurence S. and Pee, David},
  year         = {1989},
  month        = {11},
  date         = {1989-11},
  journal      = {The American Statistician},
  pages        = {279},
  volume       = {43},
  number       = {4},
  doi          = {10.2307/2685389},
  url          = {http://dx.doi.org/10.2307/2685389},
}

@article{feld1991,
  title        = {Why Your Friends Have More Friends Than You Do},
  author       = {Feld, Scott L.},
  year         = {1991},
  month        = {05},
  date         = {1991-05},
  journal      = {American Journal of Sociology},
  pages        = {1464--1477},
  volume       = {96},
  number       = {6},
  doi          = {10.1086/229693},
  url          = {http://dx.doi.org/10.1086/229693},
  langid       = {en},
}

@article{hand1992,
  title        = {On Comparing Two Treatments},
  author       = {Hand, David J.},
  year         = {1992},
  month        = {08},
  date         = {1992-08},
  journal      = {The American Statistician},
  pages        = {190--192},
  volume       = {46},
  number       = {3},
  doi          = {10.1080/00031305.1992.10475881},
  url          = {http://dx.doi.org/10.1080/00031305.1992.10475881},
  langid       = {en},
}

@article{lindley1957,
  title        = {A STATISTICAL PARADOX},
  author       = {LINDLEY, D. V.},
  year         = {1957},
  date         = {1957},
  journal      = {Biometrika},
  pages        = {187--192},
  volume       = {44},
  number       = {1-2},
  doi          = {10.1093/biomet/44.1-2.187},
  url          = {http://dx.doi.org/10.1093/biomet/44.1-2.187},
  langid       = {en},
}

@article{lord1967,
  title        = {A paradox in the interpretation of group comparisons.},
  author       = {Lord, Frederic M.},
  year         = {1967},
  date         = {1967},
  journal      = {Psychological Bulletin},
  pages        = {304--305},
  volume       = {68},
  number       = {5},
  doi          = {10.1037/h0025105},
  url          = {http://dx.doi.org/10.1037/h0025105},
  langid       = {en},
}

@article{lord1969,
  title        = {Statistical adjustments when comparing preexisting groups.},
  author       = {Lord, Frederic M.},
  year         = {1969},
  month        = {11},
  date         = {1969-11},
  journal      = {Psychological Bulletin},
  pages        = {336--337},
  volume       = {72},
  number       = {5},
  doi          = {10.1037/h0028108},
  url          = {http://dx.doi.org/10.1037/h0028108},
  langid       = {en},
}

@article{simpson1951,
  title        = {The Interpretation of Interaction in Contingency Tables},
  author       = {Simpson, E. H.},
  year         = {1951},
  month        = {07},
  date         = {1951-07},
  journal      = {Journal of the Royal Statistical Society: Series B (Methodological)},
  pages        = {238--241},
  volume       = {13},
  number       = {2},
  doi          = {10.1111/j.2517-6161.1951.tb00088.x},
  url          = {http://dx.doi.org/10.1111/j.2517-6161.1951.tb00088.x},
  langid       = {en},
}

@article{blyth1972,
  title        = {On Simpson's Paradox and the Sure-Thing Principle},
  author       = {Blyth, Colin R.},
  year         = {1972},
  month        = {06},
  date         = {1972-06},
  journal      = {Journal of the American Statistical Association},
  pages        = {364--366},
  volume       = {67},
  number       = {338},
  doi          = {10.1080/01621459.1972.10482387},
  url          = {http://dx.doi.org/10.1080/01621459.1972.10482387},
  langid       = {en},
}

@inbook{stein1956,
  title        = {INADMISSIBILITY OF THE USUAL ESTIMATOR FOR THE MEAN OF A MULTIVARIATE NORMAL DISTRIBUTION},
  author       = {Stein, Charles},
  year         = {1956},
  month        = {12},
  date         = {1956-12-31},
  publisher    = {University of California Press},
  pages        = {197--206},
  doi          = {10.1525/9780520313880-018},
  url          = {http://dx.doi.org/10.1525/9780520313880-018},
  chapter      = {15},
}

@article{pROC,
  title        = {pROC: an open-source package for R and S+ to analyze and compare ROC curves},
  author       = {Robin, Xavier and Turck, Natacha and Hainard, Alexandre and Tiberti, Natalia and Lisacek, {Frédérique} and Sanchez, Jean-Charles and {Müller}, Markus},
  year         = {2011},
  date         = {2011},
  pages        = {77},
  volume       = {12},
  journal      = {BMC Bioinformatics},
  url          = {https://doi.org/10.1186/1471-2105-12-77},
  doi          = {10.1186/1471-2105-12-77},
}

@article{racine2011,
  title        = {RStudio: A Platform{-}Independent IDE for R and Sweave},
  author       = {Racine, Jeffrey S.},
  year         = {2011},
  month        = {10},
  date         = {2011-10-26},
  journal      = {Journal of Applied Econometrics},
  pages        = {167--172},
  volume       = {27},
  number       = {1},
  doi          = {10.1002/jae.1278},
  url          = {http://dx.doi.org/10.1002/jae.1278},
  langid       = {en},
}

@article{ioannidis2014,
  title        = {How to Make More Published Research True},
  author       = {Ioannidis, John P. A.},
  year         = {2014},
  month        = {10},
  date         = {2014-10-21},
  journal      = {PLoS Medicine},
  pages        = {e1001747},
  volume       = {11},
  number       = {10},
  doi          = {10.1371/journal.pmed.1001747},
  url          = {http://dx.doi.org/10.1371/journal.pmed.1001747},
  langid       = {en},
}

@article{resnik2016,
  title        = {Reproducibility and Research Integrity},
  author       = {Resnik, David B. and Shamoo, Adil E.},
  year         = {2016},
  month        = {11},
  date         = {2016-11-07},
  journal      = {Accountability in Research},
  pages        = {116--123},
  volume       = {24},
  number       = {2},
  doi          = {10.1080/08989621.2016.1257387},
  url          = {http://dx.doi.org/10.1080/08989621.2016.1257387},
  langid       = {en},
}

@article{weintraub2016,
  title        = {The Importance of Publishing Negative Results},
  author       = {Weintraub, Phyllis G.},
  year         = {2016},
  date         = {2016},
  journal      = {Journal of Insect Science},
  pages        = {109},
  volume       = {16},
  number       = {1},
  doi          = {10.1093/jisesa/iew092},
  url          = {http://dx.doi.org/10.1093/jisesa/iew092},
  langid       = {en},
}

@article{Landis2012,
  title        = {A call for transparent reporting to optimize the predictive value of preclinical research},
  author       = {Landis, Story C. and Amara, Susan G. and Asadullah, Khusru and Austin, Chris P. and Blumenstein, Robi and Bradley, Eileen W. and Crystal, Ronald G. and Darnell, Robert B. and Ferrante, Robert J. and Fillit, Howard and Finkelstein, Robert and Fisher, Marc and Gendelman, Howard E. and Golub, Robert M. and Goudreau, John L. and Gross, Robert A. and Gubitz, Amelie K. and Hesterlee, Sharon E. and Howells, David W. and Huguenard, John and Kelner, Katrina and Koroshetz, Walter and Krainc, Dimitri and Lazic, Stanley E. and Levine, Michael S. and Macleod, Malcolm R. and McCall, John M. and Moxley III, Richard T. and Narasimhan, Kalyani and Noble, Linda J. and Perrin, Steve and Porter, John D. and Steward, Oswald and Unger, Ellis and Utz, Ursula and Silberberg, Shai D.},
  year         = {2012},
  month        = {10},
  date         = {2012-10},
  journal      = {Nature},
  pages        = {187--191},
  volume       = {490},
  number       = {7419},
  doi          = {10.1038/nature11556},
  url          = {http://dx.doi.org/10.1038/nature11556},
  langid       = {en},
}

@article{munafò2017,
  title        = {A manifesto for reproducible science},
  author       = {{Munafò}, Marcus R. and Nosek, Brian A. and Bishop, Dorothy V. M. and Button, Katherine S. and Chambers, Christopher D. and Percie du Sert, Nathalie and Simonsohn, Uri and Wagenmakers, Eric-Jan and Ware, Jennifer J. and Ioannidis, John P. A.},
  year         = {2017},
  month        = {01},
  date         = {2017-01-10},
  journal      = {Nature Human Behaviour},
  volume       = {1},
  number       = {1},
  doi          = {10.1038/s41562-016-0021},
  url          = {http://dx.doi.org/10.1038/s41562-016-0021},
  langid       = {en},
}

@article{heckman2022,
  title        = {Post Hoc Power Calculations: An Inappropriate Method for Interpreting the Findings of a Research Study},
  author       = {Heckman, Michael G. and Davis, John M. and Crowson, Cynthia S.},
  year         = {2022},
  month        = {02},
  date         = {2022-02-01},
  journal      = {The Journal of Rheumatology},
  pages        = {867--870},
  volume       = {49},
  number       = {8},
  doi          = {10.3899/jrheum.211115},
  url          = {http://dx.doi.org/10.3899/jrheum.211115},
  langid       = {en},
}

@article{hofner2015,
  title        = {Reproducible research in statistics: A review and guidelines for the {\emph{Biometrical Journal}}},
  author       = {Hofner, Benjamin and Schmid, Matthias and Edler, Lutz},
  year         = {2015},
  month        = {12},
  date         = {2015-12-29},
  journal      = {Biometrical Journal},
  pages        = {416--427},
  volume       = {58},
  number       = {2},
  doi          = {10.1002/bimj.201500156},
  url          = {http://dx.doi.org/10.1002/bimj.201500156},
  langid       = {en},
}

@manual{utils,
  title        = {R: A Language and Environment for Statistical Computing},
  author       = {{R Core Team}},
  year         = {2023},
  organization = {R Foundation for Statistical Computing},
  address      = {Vienna, Austria},
  url          = {https://www.R-project.org/},
}

@Manual{grateful,
  title        = {grateful: Facilitate citation of R packages},
  author       = {, {Francisco Rodríguez-Sánchez} and , Connor P. Jackson and , Shaurita D. Hutchins},
  year         = {2023},
  date         = {2023},
  url          = {https://github.com/Pakillo/grateful},
}

@article{holmes2021,
  title        = {Reproducible manuscript preparation with RMarkdown application to JMSACL and other Elsevier Journals},
  author       = {Holmes, Daniel T. and Mobini, Mahdi and McCudden, Christopher R.},
  year         = {2021},
  month        = {11},
  date         = {2021-11},
  journal      = {Journal of Mass Spectrometry and Advances in the Clinical Lab},
  pages        = {8--16},
  volume       = {22},
  doi          = {10.1016/j.jmsacl.2021.09.002},
  url          = {http://dx.doi.org/10.1016/j.jmsacl.2021.09.002},
  langid       = {en},
}

@article{krieger2019,
  title        = {Facilitating reproducible project management and manuscript development in team science: The projects R package},
  author       = {Krieger, Nikolas I. and Perzynski, Adam T. and Dalton, Jarrod E.},
  editor       = {Promponas, Vasilis J.},
  year         = {2019},
  month        = {07},
  date         = {2019-07-29},
  journal      = {PLOS ONE},
  pages        = {e0212390},
  volume       = {14},
  number       = {7},
  doi          = {10.1371/journal.pone.0212390},
  url          = {http://dx.doi.org/10.1371/journal.pone.0212390},
  langid       = {en},
}

@Manual{projects,
  title        = {projects: A Project Infrastructure for Researchers},
  author       = {Krieger, Nik and Perzynski, Adam and Dalton, Jarrod},
  year         = {2021},
  date         = {2021},
  url          = {https://CRAN.R-project.org/package=projects},
}

@article{mair2016,
  title        = {Thou Shalt Be Reproducible! A Technology Perspective},
  author       = {Mair, Patrick},
  year         = {2016},
  month        = {07},
  date         = {2016-07-14},
  journal      = {Frontiers in Psychology},
  volume       = {7},
  doi          = {10.3389/fpsyg.2016.01079},
  url          = {http://dx.doi.org/10.3389/fpsyg.2016.01079},
}

@Manual{base,
  title        = {{R}: A Language and Environment for Statistical Computing},
  author       = {{R Core Team}},
  organization = {R Foundation for Statistical Computing},
  address      = {Vienna, Austria},
  year         = {2023},
  url          = {https://www.R-project.org/},
}

@Manual{devtools,
  title        = {{devtools}: Tools to Make Developing R Packages Easier},
  author       = {Hadley Wickham and Jim Hester and Winston Chang and Jennifer Bryan},
  year         = {2022},
  note         = {R package version 2.4.5},
  url          = {https://CRAN.R-project.org/package=devtools},
}
@Manual{emo,
  title        = {{emo}: Easily Insert `{Emoji}'},
  author       = {Hadley Wickham and Romain François and Lucy {D'Agostino McGowan}},
  year         = {2023},
  note         = {R package version 0.0.0.9000},
  url          = {https://github.com/hadley/emo},
}
@Manual{fontawesome,
  title        = {{fontawesome}: Easily Work with `{Font Awesome}' Icons},
  author       = {Richard Iannone},
  year         = {2023},
  note         = {R package version 0.5.2},
  url          = {https://CRAN.R-project.org/package=fontawesome},
}
@Manual{kableExtra,
  title        = {{kableExtra}: Construct Complex Table with `{kable}' and Pipe Syntax},
  author       = {Hao Zhu},
  year         = {2023},
  note         = {http://haozhu233.github.io/kableExtra/, https://github.com/haozhu233/kableExtra},
}
@Manual{knitr2023,
  title        = {{knitr}: A General-Purpose Package for Dynamic Report Generation in R},
  author       = {Yihui Xie},
  year         = {2023},
  note         = {R package version 1.43},
  url          = {https://yihui.org/knitr/},
}

@Manual{png,
  title        = {{png}: Read and write PNG images},
  author       = {Simon Urbanek},
  year         = {2022},
  note         = {R package version 0.1-8},
  url          = {https://CRAN.R-project.org/package=png},
}
@Manual{remotes,
  title        = {{remotes}: R Package Installation from Remote Repositories, Including `{GitHub}'},
  author       = {Gábor Csárdi and Jim Hester and Hadley Wickham and Winston Chang and Martin Morgan and Dan Tenenbaum},
  year         = {2023},
  note         = {R package version 2.4.2.1},
  url          = {https://CRAN.R-project.org/package=remotes},
}

@Manual{webshot,
  title        = {{webshot}: Take Screenshots of Web Pages},
  author       = {Winston Chang},
  year         = {2023},
  note         = {R package version 0.5.5},
  url          = {https://CRAN.R-project.org/package=webshot},
}
@Article{tidyverse,
  title        = {Welcome to the {tidyverse}},
  author       = {Hadley Wickham and Mara Averick and Jennifer Bryan and Winston Chang and Lucy D'Agostino McGowan and Romain François and Garrett Grolemund and Alex Hayes and Lionel Henry and Jim Hester and Max Kuhn and Thomas Lin Pedersen and Evan Miller and Stephan Milton Bache and Kirill Müller and Jeroen Ooms and David Robinson and Dana Paige Seidel and Vitalie Spinu and Kohske Takahashi and Davis Vaughan and Claus Wilke and Kara Woo and Hiroaki Yutani},
  year         = {2019},
  journal      = {Journal of Open Source Software},
  volume       = {4},
  number       = {43},
  pages        = {1686},
  doi          = {10.21105/joss.01686},
}

@article{Cummings2003,
  title        = {Reporting Statistical Information in Medical Journal Articles},
  author       = {Cummings, Peter and Rivara, Frederick P.},
  year         = {2003},
  month        = {04},
  date         = {2003-04-01},
  journal      = {Archives of Pediatrics & Adolescent Medicine},
  pages        = {321},
  volume       = {157},
  number       = {4},
  doi          = {10.1001/archpedi.157.4.321},
  url          = {http://dx.doi.org/10.1001/archpedi.157.4.321},
  langid       = {en},
}

@article{wasserstein2016,
  title        = {The ASA Statement on {\emph{p}}-Values: Context, Process, and Purpose},
  author       = {Wasserstein, Ronald L. and Lazar, Nicole A.},
  year         = {2016},
  month        = {04},
  date         = {2016-04-02},
  journal      = {The American Statistician},
  pages        = {129--133},
  volume       = {70},
  number       = {2},
  doi          = {10.1080/00031305.2016.1154108},
  url          = {http://dx.doi.org/10.1080/00031305.2016.1154108},
  langid       = {en},
}

@article{altman1995,
  title        = {Statistics notes: Absence of evidence is not evidence of absence},
  author       = {Altman, D. G and Bland, J M.},
  year         = {1995},
  month        = {08},
  date         = {1995-08-19},
  journal      = {BMJ},
  pages        = {485--485},
  volume       = {311},
  number       = {7003},
  doi          = {10.1136/bmj.311.7003.485},
  url          = {http://dx.doi.org/10.1136/bmj.311.7003.485},
  langid       = {en},
}

@article{chatfield1986,
  title        = {Exploratory data analysis},
  author       = {Chatfield, Chris},
  year         = {1986},
  month        = {01},
  date         = {1986-01},
  journal      = {European Journal of Operational Research},
  pages        = {5--13},
  volume       = {23},
  number       = {1},
  doi          = {10.1016/0377-2217(86)90209-2},
  url          = {http://dx.doi.org/10.1016/0377-2217(86)90209-2},
  langid       = {en},
}

@article{goodman2016,
  title        = {Aligning statistical and scientific reasoning},
  author       = {Goodman, Steven N.},
  year         = {2016},
  month        = {06},
  date         = {2016-06-03},
  journal      = {Science},
  pages        = {1180--1181},
  volume       = {352},
  number       = {6290},
  doi          = {10.1126/science.aaf5406},
  url          = {http://dx.doi.org/10.1126/science.aaf5406},
  langid       = {en},
}

@article{aylmerfisher1926,
  title        = {The arrangement of field experiments},
  author       = {Aylmer Fisher, Ronald},
  year         = {1926},
  date         = {1926},
  journal      = {Ministry of Agriculture and Fisheries},
  doi          = {10.23637/ROTHAMSTED.8V61Q},
  url          = {https://repository.rothamsted.ac.uk/item/8v61q/the-arrangement-of-field-experiments},
}

@inbook{grami2023,
  title        = {Discrete Probability},
  author       = {Grami, Ali},
  year         = {2023},
  date         = {2023},
  publisher    = {Elsevier},
  pages        = {285--305},
  doi          = {10.1016/b978-0-12-820656-0.00016-2},
  url          = {http://dx.doi.org/10.1016/B978-0-12-820656-0.00016-2},
  chapter      = {16},
}

@article{guy1990,
  title        = {The Second Strong Law of Small Numbers},
  author       = {Guy, Richard K.},
  year         = {1990},
  month        = {02},
  date         = {1990-02},
  journal      = {Mathematics Magazine},
  pages        = {3--20},
  volume       = {63},
  number       = {1},
  doi          = {10.1080/0025570x.1990.11977475},
  url          = {http://dx.doi.org/10.1080/0025570X.1990.11977475},
  langid       = {en},
}

@article{guy1988,
  title        = {The Strong Law of Small Numbers},
  author       = {Guy, Richard K.},
  year         = {1988},
  month        = {10},
  date         = {1988-10},
  journal      = {The American Mathematical Monthly},
  pages        = {697},
  volume       = {95},
  number       = {8},
  doi          = {10.2307/2322249},
  url          = {http://dx.doi.org/10.2307/2322249},
}

@article{tversky1971,
  title        = {Belief in the law of small numbers.},
  author       = {Tversky, Amos and Kahneman, Daniel},
  year         = {1971},
  month        = {08},
  date         = {1971-08},
  journal      = {Psychological Bulletin},
  pages        = {105--110},
  volume       = {76},
  number       = {2},
  doi          = {10.1037/h0031322},
  url          = {http://dx.doi.org/10.1037/h0031322},
  langid       = {en},
}

@article{bishop2022,
  title        = {Can we shift belief in the {\textquoteleft}Law of Small Numbers{\textquoteright}?},
  author       = {Bishop, D. V. M. and Thompson, Jackie and Parker, Adam J.},
  year         = {2022},
  month        = {03},
  date         = {2022-03},
  journal      = {Royal Society Open Science},
  volume       = {9},
  number       = {3},
  doi          = {10.1098/rsos.211028},
  url          = {http://dx.doi.org/10.1098/rsos.211028},
  langid       = {en},
}

@article{Breznau2022,
  author       = {Nate Breznau  and Eike Mark Rinke  and Alexander Wuttke  and Hung H. V. Nguyen  and Muna Adem  and Jule Adriaans  and Amalia Alvarez-Benjumea  and Henrik K. Andersen  and Daniel Auer  and Flavio Azevedo  and Oke Bahnsen  and Dave Balzer  and Gerrit Bauer  and Paul C. Bauer  and Markus Baumann  and Sharon Baute  and Verena Benoit  and Julian Bernauer  and Carl Berning  and Anna Berthold  and Felix S. Bethke  and Thomas Biegert  and Katharina Blinzler  and Johannes N. Blumenberg  and Licia Bobzien  and Andrea Bohman  and Thijs Bol  and Amie Bostic  and Zuzanna Brzozowska  and Katharina Burgdorf  and Kaspar Burger  and Kathrin B. Busch  and Juan Carlos-Castillo  and Nathan Chan  and Pablo Christmann  and Roxanne Connelly  and Christian S. Czymara  and Elena Damian  and Alejandro Ecker  and Achim Edelmann  and Maureen A. Eger  and Simon Ellerbrock  and Anna Forke  and Andrea Forster  and Chris Gaasendam  and Konstantin Gavras  and Vernon Gayle  and Theresa Gessler  and Timo Gnambs  and Amélie Godefroidt  and Max Grömping  and Martin Groß  and Stefan Gruber  and Tobias Gummer  and Andreas Hadjar  and Jan Paul Heisig  and Sebastian Hellmeier  and Stefanie Heyne  and Magdalena Hirsch  and Mikael Hjerm  and Oshrat Hochman  and Andreas Hövermann  and Sophia Hunger  and Christian Hunkler  and Nora Huth  and Zsófia S. Ignácz  and Laura Jacobs  and Jannes Jacobsen  and Bastian Jaeger  and Sebastian Jungkunz  and Nils Jungmann  and Mathias Kauff  and Manuel Kleinert  and Julia Klinger  and Jan-Philipp Kolb  and Marta Kołczyńska  and John Kuk  and Katharina Kunißen  and Dafina Kurti Sinatra  and Alexander Langenkamp  and Philipp M. Lersch  and Lea-Maria Löbel  and Philipp Lutscher  and Matthias Mader  and Joan E. Madia  and Natalia Malancu  and Luis Maldonado  and Helge Marahrens  and Nicole Martin  and Paul Martinez  and Jochen Mayerl  and Oscar J. Mayorga  and Patricia McManus  and Kyle McWagner  and Cecil Meeusen  and Daniel Meierrieks  and Jonathan Mellon  and Friedolin Merhout  and Samuel Merk  and Daniel Meyer  and Leticia Micheli  and Jonathan Mijs  and Cristóbal Moya  and Marcel Neunhoeffer  and Daniel Nüst  and Olav Nygård  and Fabian Ochsenfeld  and Gunnar Otte  and Anna O. Pechenkina  and Christopher Prosser  and Louis Raes  and Kevin Ralston  and Miguel R. Ramos  and Arne Roets  and Jonathan Rogers  and Guido Ropers  and Robin Samuel  and Gregor Sand  and Ariela Schachter  and Merlin Schaeffer  and David Schieferdecker  and Elmar Schlueter  and Regine Schmidt  and Katja M. Schmidt  and Alexander Schmidt-Catran  and Claudia Schmiedeberg  and Jürgen Schneider  and Martijn Schoonvelde  and Julia Schulte-Cloos  and Sandy Schumann  and Reinhard Schunck  and Jürgen Schupp  and Julian Seuring  and Henning Silber  and Willem Sleegers  and Nico Sonntag  and Alexander Staudt  and Nadia Steiber  and Nils Steiner  and Sebastian Sternberg  and Dieter Stiers  and Dragana Stojmenovska  and Nora Storz  and Erich Striessnig  and Anne-Kathrin Stroppe  and Janna Teltemann  and Andrey Tibajev  and Brian Tung  and Giacomo Vagni  and Jasper Van Assche  and Meta van der Linden  and Jolanda van der Noll  and Arno Van Hootegem  and Stefan Vogtenhuber  and Bogdan Voicu  and Fieke Wagemans  and Nadja Wehl  and Hannah Werner  and Brenton M. Wiernik  and Fabian Winter  and Christof Wolf  and Yuki Yamada  and Nan Zhang  and Conrad Ziller  and Stefan Zins  and Tomasz Żółtak },
  title        = {Observing many researchers using the same data and hypothesis reveals a hidden universe of uncertainty},
  journal      = {Proceedings of the National Academy of Sciences},
  number       = {44},
  pages        = {e2203150119},
  year         = {2022},
  doi          = {10.1073/pnas.2203150119},
  url          = {https://www.pnas.org/doi/abs/10.1073/pnas.2203150119},
  eprint       = {https://www.pnas.org/doi/pdf/10.1073/pnas.2203150119},
}

@article{heinze2016,
  title        = {Five myths about variable selection},
  author       = {Heinze, Georg and Dunkler, Daniela},
  year         = {2016},
  month        = {12},
  date         = {2016-12-29},
  journal      = {Transplant International},
  pages        = {6--10},
  volume       = {30},
  number       = {1},
  doi          = {10.1111/tri.12895},
  url          = {http://dx.doi.org/10.1111/tri.12895},
  langid       = {en},
}

@Manual{base64enc,
  title        = {base64enc: Tools for base64 encoding},
  author       = {Urbanek, Simon},
  year         = {2015},
  date         = {2015},
  url          = {https://CRAN.R-project.org/package=base64enc},
}

@article{bandoli2018,
  title        = {Revisiting the Table~2 fallacy: A motivating example examining preeclampsia and preterm birth},
  author       = {Bandoli, Gretchen and Palmsten, Kristin and Chambers, Christina D. and {Jelliffe{-}Pawlowski}, Laura L. and Baer, Rebecca J. and Thompson, Caroline A.},
  year         = {2018},
  month        = {05},
  date         = {2018-05-21},
  journal      = {Paediatric and Perinatal Epidemiology},
  pages        = {390--397},
  volume       = {32},
  number       = {4},
  doi          = {10.1111/ppe.12474},
  url          = {http://dx.doi.org/10.1111/ppe.12474},
  langid       = {en},
}

@Manual{jmv,
  title        = {jmv: The {\textbraceleft}jamovi{\textbraceright} Analyses},
  author       = {Selker, Ravi and Love, Jonathon and Dropmann, Damian},
  year         = {2023},
  date         = {2023},
  url          = {https://CRAN.R-project.org/package=jmv},
}

@Manual{jmvcore,
  title        = {jmvcore: Dependencies for the {\textbraceleft}jamovi{\textbraceright} Framework},
  author       = {Love, Jonathon},
  year         = {2023},
  date         = {2023},
  url          = {https://CRAN.R-project.org/package=jmvcore},
}

@Manual{jmvconnect,
  title        = {jmvconnect: Connect to the {\textbraceleft}jamovi{\textbraceright} Statistical Spreadsheet},
  author       = {Love, Jonathon},
  year         = {2022},
  date         = {2022},
  url          = {https://CRAN.R-project.org/package=jmvconnect},
}

@Manual{DataEditR,
  title        = {DataEditR: An Interactive Editor for Viewing, Entering, Filtering & Editing Data},
  author       = {Hammill, Dillon},
  year         = {2022},
  date         = {2022},
  url          = {https://CRAN.R-project.org/package=DataEditR},
}

@Manual{officedown,
  title        = {officedown: Enhanced {\textbraceleft}R Markdown{\textbraceright} Format for {\textbraceleft}Word{\textbraceright} and {\textbraceleft}PowerPoint{\textbraceright}},
  author       = {Gohel, David and Ross, Noam},
  year         = {2023},
  date         = {2023},
  url          = {https://CRAN.R-project.org/package=officedown},
}

@Book{bookdown,
  title        = {bookdown: Authoring Books and Technical Documents with R Markdown},
  author       = {Xie, Yihui},
  year         = {2023},
  date         = {2023},
  url          = {https://bookdown.org/yihui/bookdown/},
  publisher    = {Chapman and Hall/CRC},
}

@Manual{pwr,
  title        = {pwr: Basic Functions for Power Analysis},
  author       = {Champely, Stephane},
  year         = {2020},
  date         = {2020},
  url          = {https://CRAN.R-project.org/package=pwr},
}

@article{barkan2015,
  title        = {Statistics in clinical research: Important considerations},
  author       = {Barkan, Howard},
  year         = {2015},
  date         = {2015},
  journal      = {Annals of Cardiac Anaesthesia},
  pages        = {74},
  volume       = {18},
  number       = {1},
  doi          = {10.4103/0971-9784.148325},
  url          = {http://dx.doi.org/10.4103/0971-9784.148325},
  langid       = {en},
}

@article{cocor,
  title        = {cocor: A Comprehensive Solution for the Statistical Comparison of Correlations},
  author       = {Diedenhofen, Birk and Musch, Jochen},
  year         = {2015},
  date         = {2015},
  pages        = {e0121945},
  volume       = {10},
  doi          = {10.1371/journal.pone.0121945},
  url          = {http://dx.doi.org/10.1371/journal.pone.0121945},
  journal      = {PLOS ONE},
}

@article{goodman1999,
  title        = {Toward Evidence-Based Medical Statistics. 1: The P Value Fallacy},
  author       = {Goodman, Steven N.},
  year         = {1999},
  month        = {06},
  date         = {1999-06-15},
  journal      = {Annals of Internal Medicine},
  pages        = {995},
  volume       = {130},
  number       = {12},
  doi          = {10.7326/0003-4819-130-12-199906150-00008},
  url          = {http://dx.doi.org/10.7326/0003-4819-130-12-199906150-00008},
  langid       = {en},
}

@article{greenhalgh1997,
  title        = {How to read a paper: Statistics for the non-statistician. I: Different types of data need different statistical tests},
  author       = {Greenhalgh, T.},
  year         = {1997},
  month        = {08},
  date         = {1997-08-09},
  journal      = {BMJ},
  pages        = {364--366},
  volume       = {315},
  number       = {7104},
  doi          = {10.1136/bmj.315.7104.364},
  url          = {http://dx.doi.org/10.1136/bmj.315.7104.364},
  langid       = {en},
}

@article{greenhalgh1997a,
  title        = {How to read a paper: Statistics for the non-statistician. II: {\"}Significant{\"} relations and their pitfalls},
  author       = {Greenhalgh, T.},
  year         = {1997},
  month        = {08},
  date         = {1997-08-16},
  journal      = {BMJ},
  pages        = {422--425},
  volume       = {315},
  number       = {7105},
  doi          = {10.1136/bmj.315.7105.422},
  url          = {http://dx.doi.org/10.1136/bmj.315.7105.422},
  langid       = {en},
}

@article{greenhalgh1997b,
  title        = {How to read a paper: Papers that report diagnostic or screening tests},
  author       = {Greenhalgh, T.},
  year         = {1997},
  month        = {08},
  date         = {1997-08-30},
  journal      = {BMJ},
  pages        = {540--543},
  volume       = {315},
  number       = {7107},
  doi          = {10.1136/bmj.315.7107.540},
  url          = {http://dx.doi.org/10.1136/bmj.315.7107.540},
  langid       = {en},
}

@article{van2022a,
  author       = {van Smeden, Maarten},
  title        = {A Very Short List of Common Pitfalls in Research Design, Data Analysis, and Reporting},
  journal      = {PRiMER},
  volume       = {6},
  year         = {2022},
  month        = {8},
  doi          = {10.22454/PRiMER.2022.511416},
  url          = {https://journals.stfm.org//primer/2022/van-smeden-2022-0059/},
  eprint       = {https://journals.stfm.org//media/5007/primer-6-26.pdf},
}

@Manual{styler,
  title        = {styler: Non-Invasive Pretty Printing of R Code},
  author       = {{Müller}, Kirill and Walthert, Lorenz},
  year         = {2023},
  date         = {2023},
  url          = {https://CRAN.R-project.org/package=styler},
}

@article{Banerjee2010,
  title        = {Statistics without tears: Populations and samples},
  author       = {Banerjee, Amitav and Chaudhury, Suprakash},
  year         = {2010},
  date         = {2010},
  journal      = {Industrial Psychiatry Journal},
  pages        = {60},
  volume       = {19},
  number       = {1},
  doi          = {10.4103/0972-6748.77642},
  url          = {http://dx.doi.org/10.4103/0972-6748.77642},
  langid       = {en},
}

@article{hinsen2011,
  title        = {A data and code model for reproducible research and executable papers},
  author       = {Hinsen, Konrad},
  year         = {2011},
  date         = {2011},
  journal      = {Procedia Computer Science},
  pages        = {579--588},
  volume       = {4},
  doi          = {10.1016/j.procs.2011.04.061},
  url          = {http://dx.doi.org/10.1016/j.procs.2011.04.061},
  langid       = {en},
}

@Manual{Hmisc,
  title        = {Hmisc: Harrell Miscellaneous},
  author       = {Harrell Jr, Frank E},
  year         = {2023},
  date         = {2023},
  url          = {https://CRAN.R-project.org/package=Hmisc},
}

@article{units,
  title        = {Measurement Units in {\textbraceleft}R{\textbraceright}},
  author       = {Pebesma, Edzer and Mailund, Thomas and Hiebert, James},
  year         = {2016},
  date         = {2016},
  volume       = {8},
  doi          = {10.32614/RJ-2016-061},
  journal      = {The R Journal},
}

@article{steckelberg2004,
  title        = {Explaining computation of predictive values: 2 × 2 table versus frequency tree. A randomized controlled trial [ISRCTN74278823]},
  author       = {Steckelberg, Anke and Balgenorth, Andrea and Berger, {Jürgen} and {Mühlhauser}, Ingrid},
  year         = {2004},
  month        = {08},
  date         = {2004-08-10},
  journal      = {BMC Medical Education},
  volume       = {4},
  number       = {1},
  doi          = {10.1186/1472-6920-4-13},
  url          = {http://dx.doi.org/10.1186/1472-6920-4-13},
  langid       = {en},
}

@Manual{riskyr,
  title        = {riskyr: Rendering Risk Literacy more Transparent},
  author       = {Neth, {Hansjörg} and Gaisbauer, Felix and Gradwohl, Nico and Gaissmaier, Wolfgang},
  year         = {2022},
  date         = {2022},
  url          = {https://CRAN.R-project.org/package=riskyr},
}

@article{altman2017,
  title        = {P values and the search for significance},
  author       = {Altman, Naomi and Krzywinski, Martin},
  year         = {2017},
  month        = {01},
  date         = {2017-01},
  journal      = {Nature Methods},
  pages        = {3--4},
  volume       = {14},
  number       = {1},
  doi          = {10.1038/nmeth.4120},
  url          = {http://dx.doi.org/10.1038/nmeth.4120},
  langid       = {en},
}

@article{austin2023,
  title        = {Logistic regression vs. predictive mean matching for imputing binary covariates},
  author       = {Austin, Peter C and van Buuren, Stef},
  year         = {2023},
  month        = {09},
  date         = {2023-09-26},
  journal      = {Statistical Methods in Medical Research},
  doi          = {10.1177/09622802231198795},
  url          = {http://dx.doi.org/10.1177/09622802231198795},
  langid       = {en},
}

@article{rubin1986,
  title        = {Statistical Matching Using File Concatenation with Adjusted Weights and Multiple Imputations},
  author       = {Rubin, Donald B.},
  year         = {1986},
  month        = {01},
  date         = {1986-01},
  journal      = {Journal of Business & Economic Statistics},
  pages        = {87},
  volume       = {4},
  number       = {1},
  doi          = {10.2307/1391390},
  url          = {http://dx.doi.org/10.2307/1391390},
}

@article{little1988a,
  title        = {Missing-Data Adjustments in Large Surveys},
  author       = {Little, Roderick J. A.},
  year         = {1988},
  month        = {07},
  date         = {1988-07},
  journal      = {Journal of Business & Economic Statistics},
  pages        = {287--296},
  volume       = {6},
  number       = {3},
  doi          = {10.1080/07350015.1988.10509663},
  url          = {http://dx.doi.org/10.1080/07350015.1988.10509663},
  langid       = {en},
}

@article{banerjee1999,
  title        = {Beyond kappa: A review of interrater agreement measures},
  author       = {Banerjee, Mousumi and Capozzoli, Michelle and McSweeney, Laura and Sinha, Debajyoti},
  year         = {1999},
  month        = {03},
  date         = {1999-03},
  journal      = {Canadian Journal of Statistics},
  pages        = {3--23},
  volume       = {27},
  number       = {1},
  doi          = {10.2307/3315487},
  url          = {http://dx.doi.org/10.2307/3315487},
  langid       = {en},
}

@article{scott1955,
  title        = {Reliability of Content Analysis: The Case of Nominal Scale Coding},
  author       = {Scott, William A.},
  year         = {1955},
  date         = {1955},
  journal      = {Public Opinion Quarterly},
  pages        = {321},
  volume       = {19},
  number       = {3},
  doi          = {10.1086/266577},
  url          = {http://dx.doi.org/10.1086/266577},
}

@article{cohen1960,
  title        = {A Coefficient of Agreement for Nominal Scales},
  author       = {Cohen, Jacob},
  year         = {1960},
  month        = {04},
  date         = {1960-04},
  journal      = {Educational and Psychological Measurement},
  pages        = {37--46},
  volume       = {20},
  number       = {1},
  doi          = {10.1177/001316446002000104},
  url          = {http://dx.doi.org/10.1177/001316446002000104},
  langid       = {en},
}

@article{i.mathe1901,
  title        = {I. Mathematical contributions to the theory of evolution. {\textemdash}VII. On the correlation of characters not quantitatively measurable},
  year         = {1901},
  author       = {Mathews, Ivor and Pearson, Karl},
  month        = {01},
  date         = {1901-01},
  journal      = {Philosophical Transactions of the Royal Society of London. Series A, Containing Papers of a Mathematical or Physical Character},
  pages        = {1--47},
  volume       = {195},
  number       = {262-273},
  doi          = {10.1098/rsta.1900.0022},
  url          = {http://dx.doi.org/10.1098/rsta.1900.0022},
  langid       = {en},
  journal     = {Philosophical Transactions of the Royal Society of London. Series A, Containing Papers of a Mathematical or Physical Character},
}

@Manual{R-Bookdown,
  title        = {bookdown: Authoring Books and Technical Documents with R Markdown},
  author       = {Yihui Xie},
  year         = {2023},
  note         = {R package version 0.35},
  url          = {https://CRAN.R-project.org/package=bookdown},
}

@Manual{R-fontawesome,
  title        = {fontawesome: Easily Work with Font Awesome Icons},
  author       = {Richard Iannone},
  year         = {2023},
  note         = {R package version 0.5.2},
  url          = {https://CRAN.R-project.org/package=fontawesome},
}

@Manual{R-knitr,
  title        = {knitr: A General-Purpose Package for Dynamic Report Generation in R},
  author       = {Yihui Xie},
  year         = {2023},
  note         = {R package version 1.43},
  url          = {https://yihui.org/knitr/},
}

@Manual{R-rmarkdown,
  title        = {rmarkdown: Dynamic Documents for R},
  author       = {JJ Allaire and Yihui Xie and Christophe Dervieux and Jonathan McPherson and Javier Luraschi and Kevin Ushey and Aron Atkins and Hadley Wickham and Joe Cheng and Winston Chang and Richard Iannone},
  year         = {2023},
  note         = {R package version 2.24},
  url          = {https://CRAN.R-project.org/package=rmarkdown},
}

@Book{bookdown2016,
  title        = {bookdown: Authoring Books and Technical Documents with {R} Markdown},
  author       = {Yihui Xie},
  publisher    = {Chapman and Hall/CRC},
  address      = {Boca Raton, Florida},
  year         = {2016},
  isbn         = {978-1138700109},
  url          = {https://bookdown.org/yihui/bookdown},
}

@Book{knitr2015,
  title        = {Dynamic Documents with {R} and knitr},
  author       = {Yihui Xie},
  publisher    = {Chapman and Hall/CRC},
  address      = {Boca Raton, Florida},
  year         = {2015},
  edition      = {2nd},
  note         = {ISBN 978-1498716963},
  url          = {https://yihui.org/knitr/},
}

@InCollection{knitr2014,
  booktitle    = {Implementing Reproducible Computational Research},
  editor       = {Victoria Stodden and Friedrich Leisch and Roger D. Peng},
  title        = {knitr: A Comprehensive Tool for Reproducible Research in {R}},
  author       = {Yihui Xie},
  publisher    = {Chapman and Hall/CRC},
  year         = {2014},
  note         = {ISBN 978-1466561595},
}

@Book{rmarkdown2018,
  title        = {R Markdown: The Definitive Guide},
  author       = {Yihui Xie and J.J. Allaire and Garrett Grolemund},
  publisher    = {Chapman and Hall/CRC},
  address      = {Boca Raton, Florida},
  year         = {2018},
  isbn         = {9781138359338},
  url          = {https://bookdown.org/yihui/rmarkdown},
}

@Book{rmarkdown2020,
  title        = {R Markdown Cookbook},
  author       = {Yihui Xie and Christophe Dervieux and Emily Riederer},
  publisher    = {Chapman and Hall/CRC},
  address      = {Boca Raton, Florida},
  year         = {2020},
  isbn         = {9780367563837},
  url          = {https://bookdown.org/yihui/rmarkdown-cookbook},
}

@article{caret,
  title        = {Building Predictive Models in R Using the caret Package},
  volume       = {28},
  url          = {https://www.jstatsoft.org/index.php/jss/article/view/v028i05},
  doi          = {10.18637/jss.v028.i05},
  number       = {5},
  journal      = {Journal of Statistical Software},
  author       = {{Kuhn} and {Max}},
  year         = {2008},
  pages        = {1–26},
}
@article{dataMaid,
  title        = {{\textbraceleft}dataMaid{\textbraceright}: Your Assistant for Documenting Supervised Data Quality Screening in {\textbraceleft}R{\textbraceright}},
  author       = {Petersen, Anne Helby and {Ekstr{\textbraceleft}\o{\textbraceright}m}, Claus Thorn},
  year         = {2019},
  date         = {2019},
  volume       = {90},
  doi          = {10.18637/jss.v090.i06},
  journal      = {Journal of Statistical Software},
}

@Manual{SmartEDA,
  title        = {SmartEDA: Summarize and Explore the Data},
  author       = {, Dayanand Ubrangala and R, Kiran and Prasad Kondapalli, Ravi and Putatunda, Sayan},
  year         = {2022},
  date         = {2022},
  url          = {https://CRAN.R-project.org/package=SmartEDA},
}

@article{pijls2022,
  title        = {The Table I Fallacy: P Values in Baseline Tables of Randomized Controlled Trials},
  author       = {Pijls, Bart G.},
  year         = {2022},
  month        = {03},
  date         = {2022-03-01},
  journal      = {Journal of Bone and Joint Surgery},
  pages        = {e71},
  volume       = {104},
  number       = {16},
  doi          = {10.2106/jbjs.21.01166},
  url          = {http://dx.doi.org/10.2106/JBJS.21.01166},
  langid       = {en},
}

@Manual{ids,
  title        = {ids: Generate Random Identifiers},
  author       = {FitzJohn, Rich},
  year         = {2017},
  date         = {2017},
  url          = {https://CRAN.R-project.org/package=ids},
}

@Manual{hash,
  title        = {hash: Full Featured Implementation of Hash Tables/Associative Arrays/Dictionaries},
  author       = {Brown, Christopher},
  year         = {2023},
  date         = {2023},
  url          = {https://CRAN.R-project.org/package=hash},
}

@Manual{anonymizer,
  title        = {anonymizer: Anonymize Data Containing Personally Identifiable Information},
  author       = {Hendricks, Paul},
  year         = {2023},
  date         = {2023},
  url          = {https://github.com/paulhendricks/anonymizer},
}

@Manual{digest,
  title        = {digest: Create Compact Hash Digests of R Objects},
  author       = {Lucas, Dirk Eddelbuettel with contributions by Antoine and Tuszynski, Jarek and Bengtsson, Henrik and Urbanek, Simon and Frasca, Mario and Lewis, Bryan and Stokely, Murray and Muehleisen, Hannes and Murdoch, Duncan and Hester, Jim and Wu, Wush and Kou, Qiang and Onkelinx, Thierry and Lang, Michel and Simko, Viliam and Hornik, Kurt and Neal, Radford and Bell, Kendon and de Queljoe, Matthew and Suruceanu, Ion and Denney, Bill and Schumacher, Dirk and Chang, Winston and Attali., Dean},
  year         = {2023},
  date         = {2023},
  url          = {https://CRAN.R-project.org/package=digest},
}

@article{synthpop,
  title        = {{\textbraceleft}synthpop{\textbraceright}: Bespoke Creation of Synthetic Data in {\textbraceleft}R{\textbraceright}},
  author       = {Nowok, Beata and Raab, Gillian M. and Dibben, Chris},
  year         = {2016},
  date         = {2016},
  volume       = {74},
  doi          = {10.18637/jss.v074.i11},
  journal      = {Journal of Statistical Software},
}

@article{barnett2023,
  title        = {Automated detection of over- and under-dispersion in baseline tables in randomised controlled trials},
  author       = {Barnett, Adrian},
  year         = {2023},
  month        = {05},
  date         = {2023-05-30},
  journal      = {F1000Research},
  pages        = {783},
  volume       = {11},
  doi          = {10.12688/f1000research.123002.2},
  url          = {http://dx.doi.org/10.12688/f1000research.123002.2},
  langid       = {en},
}

@article{buttliere2021,
  title        = {Adopting standard variable labels solves many of the problems with sharing and reusing data},
  author       = {Buttliere, Brett},
  year         = {2021},
  month        = {05},
  date         = {2021-05},
  journal      = {Methodological Innovations},
  pages        = {205979912110266},
  volume       = {14},
  number       = {2},
  doi          = {10.1177/20597991211026616},
  url          = {http://dx.doi.org/10.1177/20597991211026616},
  langid       = {en},
}

@Manual{janitor,
  title        = {janitor: Simple Tools for Examining and Cleaning Dirty Data},
  author       = {Firke, Sam},
  year         = {2023},
  date         = {2023},
  url          = {https://CRAN.R-project.org/package=janitor},
}

@Manual{grDevices,
  title        = {R: A Language and Environment for Statistical Computing},
  author       = {, R Core Team},
  year         = {2023},
  date         = {2023},
  url          = {https://www.R-project.org/},
}

@article{cooccur,
  title        = {{\textbraceleft}cooccur{\textbraceright}: Probabilistic Species Co-Occurrence Analysis in {\textbraceleft}R{\textbraceright}},
  author       = {Griffith, Daniel M. and Veech, Joseph A. and Marsh, Charles J.},
  year         = {2016},
  date         = {2016},
  volume       = {69},
  doi          = {10.18637/jss.v069.c02},
  journal      = {Journal of Statistical Software},
}

@article{simstudy,
  title        = {simstudy: Illuminating research methods through data generation},
  author       = {Goldfeld, Keith and Wujciak-Jens, Jacob},
  year         = {2020},
  date         = {2020},
  pages        = {2763},
  volume       = {5},
  doi          = {10.21105/joss.02763},
  url          = {https://doi.org/10.21105/joss.02763},
  journal     = {Journal of Open Source Software},
}

@article{performance,
  title        = {{\textbraceleft}performance{\textbraceright}: An {\textbraceleft}R{\textbraceright} Package for Assessment, Comparison and Testing of Statistical Models},
  author       = {{Lüdecke}, Daniel and Ben-Shachar, Mattan S. and Patil, Indrajeet and Waggoner, Philip and Makowski, Dominique},
  year         = {2021},
  date         = {2021},
  pages        = {3139},
  volume       = {6},
  doi          = {10.21105/joss.03139},
  journal      = {Journal of Open Source Software},
}

@Manual{outliers,
  title        = {outliers: Tests for Outliers},
  author       = {Komsta, Lukasz},
  year         = {2022},
  date         = {2022},
  url          = {https://CRAN.R-project.org/package=outliers},
}

@Manual{mmrm,
  title        = {mmrm: Mixed Models for Repeated Measures},
  author       = {Sabanes Bove, Daniel and Dedic, Julia and Kelkhoff, Doug and Kunzmann, Kevin and Lang, Brian Matthew and Li, Liming and Wang, Ya},
  year         = {2022},
  date         = {2022},
  url          = {https://CRAN.R-project.org/package=mmrm},
}

@Manual{nlme,
  title        = {nlme: Linear and Nonlinear Mixed Effects Models},
  author       = {Pinheiro, {José} and Bates, Douglas and , R Core Team},
  year         = {2023},
  date         = {2023},
  url          = {https://CRAN.R-project.org/package=nlme},
}

@Manual{emmeans,
  title        = {emmeans: Estimated Marginal Means, aka Least-Squares Means},
  author       = {Lenth, Russell V.},
  year         = {2023},
  date         = {2023},
  url          = {https://CRAN.R-project.org/package=emmeans},
}

@article{longpower,
  author = {Iddi, Samuel and Donohue, Michael C},
  title = {Power and Sample Size for Longitudinal Models in R -- The longpower Package and Shiny App},
  journal = {The R Journal},
  year = {2022},
  note = {https://rjournal.github.io/},
  volume = {14},
  issue = {1},
  issn = {2073-4859},
  pages = {264-282}
}

@article{Cnaan1997,
  title        = {Using the general linear mixed model to analyse unbalanced repeated measures and longitudinal data},
  author       = {Cnaan, Avital and Laird, Nan M. and Slasor, Peter},
  year         = {1997},
  month        = {10},
  date         = {1997-10-30},
  journal      = {Statistics in Medicine},
  pages        = {2349--2380},
  volume       = {16},
  number       = {20},
  doi          = {10.1002/(sici)1097-0258(19971030)16:20<2349::aid-sim667>3.0.co;2-e},
  url          = {http://dx.doi.org/10.1002/(sici)1097-0258(19971030)16:20<2349::aid-sim667>3.0.co;2-e},
  langid       = {en},
}

@article{mallinckrodt2008,
  title        = {Recommendations for the Primary Analysis of Continuous Endpoints in Longitudinal Clinical Trials},
  author       = {Mallinckrodt, Craig H. and Lane, Peter W. and Schnell, Dan and Peng, Yahong and Mancuso, James P.},
  year         = {2008},
  month        = {07},
  date         = {2008-07},
  journal      = {Drug Information Journal},
  pages        = {303--319},
  volume       = {42},
  number       = {4},
  doi          = {10.1177/009286150804200402},
  url          = {http://dx.doi.org/10.1177/009286150804200402},
  langid       = {en},
}

@article{greenland1986,
  title        = {THE FALLACY OF EMPLOYING STANDARDIZED REGRESSION COEFFICIENTS AND CORRELATIONS AS MEASURES OF EFFECT},
  author       = {GREENLAND, SANDER and SCHLESSELMAN, JAMES J. and CRIQUI, MICHAEL H.},
  year         = {1986},
  month        = {02},
  date         = {1986-02},
  journal      = {American Journal of Epidemiology},
  pages        = {203--208},
  volume       = {123},
  number       = {2},
  doi          = {10.1093/oxfordjournals.aje.a114229},
  url          = {http://dx.doi.org/10.1093/oxfordjournals.aje.a114229},
  langid       = {en},
}

@article{greenland1991,
  title        = {Standardized Regression Coefficients},
  author       = {Greenland, Sander and Maclure, Malcolm and Schlesselman, James J. and Poole, Charles and Morgenstern, Hal},
  year         = {1991},
  month        = {09},
  date         = {1991-09},
  journal      = {Epidemiology},
  pages        = {387--392},
  volume       = {2},
  number       = {5},
  doi          = {10.1097/00001648-199109000-00015},
  url          = {http://dx.doi.org/10.1097/00001648-199109000-00015},
  langid       = {en},
}

@article{lavaan,
  title        = {{\textbraceleft}lavaan{\textbraceright}: An {\textbraceleft}R{\textbraceright} Package for Structural Equation Modeling},
  author       = {Rosseel, Yves},
  year         = {2012},
  date         = {2012},
  volume       = {48},
  doi          = {10.18637/jss.v048.i02},
  journal      = {Journal of Statistical Software},
}

@Manual{semTools,
  title        = {{semTools}: Useful tools for structural equation modeling},
  author       = {semTools Contributors},
  year         = {2016},
  note         = {R package version 0.4-14},
  url          = {https://CRAN.R-project.org/package=semTools},
}

@Manual{psych,
  title        = {psych: Procedures for Psychological, Psychometric, and Personality Research},
  author       = {, William Revelle},
  year         = {2023},
  date         = {2023},
  url          = {https://CRAN.R-project.org/package=psych},
}

@Manual{mada,
  title        = {mada: Meta-Analysis of Diagnostic Accuracy},
  author       = {Sousa-Pinto, Philipp Doebler with contributions from Bernardo},
  year         = {2022},
  date         = {2022},
  url          = {https://CRAN.R-project.org/package=mada},
}

@article{phillips2010,
  title        = {{\textquoteleft}Cross hairs{\textquoteright} plots for diagnostic meta{-}analysis},
  author       = {Phillips, Bob and Stewart, Lesley A. and Sutton, Alex J.},
  year         = {2010},
  month        = {07},
  date         = {2010-07},
  journal      = {Research Synthesis Methods},
  pages        = {308--315},
  volume       = {1},
  number       = {3-4},
  doi          = {10.1002/jrsm.26},
  url          = {http://dx.doi.org/10.1002/jrsm.26},
  langid       = {en},
}

@article{latter1902,
  title        = {THE EGG OF CUCULUS CANORUS: AN ENQUIRY INTO THE DIMENSIONS OF THE CUCKOO'S EGO AND THE RELATION OF THE VARIATIONS TO THE SIZE OF THE EGGS OF THE FOSTER-PARENT, WITH NOTES ON COLORATION, &c.},
  author       = {LATTER, O. H.},
  year         = {1902},
  month        = {01},
  date         = {1902-01-01},
  journal      = {Biometrika},
  pages        = {164--176},
  volume       = {1},
  number       = {2},
  doi          = {10.1093/biomet/1.2.164},
  url          = {http://dx.doi.org/10.1093/biomet/1.2.164},
  langid       = {en},
}

@article{rodríguezdeláguila2014,
  title        = {Sample size calculation},
  author       = {{Rodríguez del Águila}, MM and {González-Ramírez}, AR},
  year         = {2014},
  month        = {09},
  date         = {2014-09},
  journal      = {Allergologia et Immunopathologia},
  pages        = {485--492},
  volume       = {42},
  number       = {5},
  doi          = {10.1016/j.aller.2013.03.008},
  url          = {http://dx.doi.org/10.1016/j.aller.2013.03.008},
  langid       = {en},
}

@article{Superpower,
  title        = {Simulation-Based Power Analysis for Factorial Analysis of Variance Designs},
  author       = {Lakens, Daniel and Caldwell, Aaron},
  year         = {2021},
  date         = {2021},
  pages        = {251524592095150},
  volume       = {4},
  doi          = {10.1177/2515245920951503},
  url          = {https://doi.org/10.1177/2515245920951503},
  journal      = {Advances in Methods and Practices in Psychological Science},
}

@article{effectsize,
  title        = {{\textbraceleft}e{\textbraceright}ffectsize: Estimation of Effect Size Indices and Standardized Parameters},
  author       = {Ben-Shachar, Mattan S. and {Lüdecke}, Daniel and Makowski, Dominique},
  year         = {2020},
  date         = {2020},
  pages        = {2815},
  volume       = {5},
  doi          = {10.21105/joss.02815},
  url          = {https://doi.org/10.21105/joss.02815},
  journal      = {Journal of Open Source Software},
}

@Manual{gtExtras,
  title        = {gtExtras: Extending {\textbraceleft}gt{\textbraceright} for Beautiful HTML Tables},
  author       = {Mock, Thomas},
  year         = {2023},
  date         = {2023},
  url          = {https://CRAN.R-project.org/package=gtExtras},
}

@Manual{ggfortify,
  title        = {ggfortify: Unified Interface to Visualize Statistical Result of Popular R Packages},
  author       = {Tang, Yuan and Horikoshi, Masaaki and Li, Wenxuan},
  year         = {2016},
  date         = {2016},
  volume       = {8},
  doi          = {10.32614/RJ-2016-060},
  url          = {https://doi.org/10.32614/RJ-2016-060},
}

@Manual{esquisse,
  title        = {esquisse: Explore and Visualize Your Data Interactively},
  author       = {Meyer, Fanny and Perrier, Victor},
  year         = {2022},
  date         = {2022},
  url          = {https://CRAN.R-project.org/package=esquisse},
}

@Manual{radiant,
  title        = {radiant: Business Analytics using R and Shiny},
  author       = {Nijs, Vincent},
  year         = {2023},
  date         = {2023},
  url          = {https://CRAN.R-project.org/package=radiant},
}

@Manual{questionr,
  title        = {questionr: Functions to Make Surveys Processing Easier},
  author       = {Barnier, Julien and Briatte, {François} and Larmarange, Joseph},
  year         = {2023},
  date         = {2023},
  url          = {https://CRAN.R-project.org/package=questionr},
}

@Manual{stats,
  title        = {R: A Language and Environment for Statistical Computing},
  author       = {, R Core Team},
  year         = {2023},
  date         = {2023},
  url          = {https://www.R-project.org/},
}

@article{amatuzzi2006,
  title        = {Linguagem metodológica: parte 1},
  author       = {Amatuzzi, Maria Luiza L. and Barreto, Maria do Carmo C. and Litvoc, Julio and Leme, {Luiz Eugênio Garcez}},
  year         = {2006},
  date         = {2006},
  journal      = {Acta Ortopédica Brasileira},
  pages        = {53--56},
  volume       = {14},
  number       = {1},
  doi          = {10.1590/s1413-78522006000100012},
  url          = {http://dx.doi.org/10.1590/S1413-78522006000100012},
}

@article{amatuzzi2006a,
  title        = {Linguagem metodológica: parte 2},
  author       = {Amatuzzi, Maria Luiza L. and Barreto, Maria do Carmo C. and Litvoc, Julio and Leme, {Luiz Eugênio Garcez}},
  year         = {2006},
  date         = {2006},
  journal      = {Acta Ortopédica Brasileira},
  pages        = {108--112},
  volume       = {14},
  number       = {2},
  doi          = {10.1590/s1413-78522006000200012},
  url          = {http://dx.doi.org/10.1590/S1413-78522006000200012},
}

@article{Andrade2020,
  title        = {Sample Size and its Importance in Research},
  author       = {Andrade, Chittaranjan},
  year         = {2020},
  month        = {01},
  date         = {2020-01},
  journal      = {Indian Journal of Psychological Medicine},
  pages        = {102--103},
  volume       = {42},
  number       = {1},
  doi          = {10.4103/ijpsym.ijpsym_504_19},
  url          = {http://dx.doi.org/10.4103/IJPSYM.IJPSYM_504_19},
  langid       = {en},
}

@article{Brookes2004,
  title        = {Subgroup analyses in randomized trials: risks of subgroup-specific analyses;},
  author       = {Brookes, Sara T. and Whitely, Elise and Egger, Matthias and Smith, George Davey and Mulheran, Paul A. and Peters, Tim J.},
  year         = {2004},
  month        = {03},
  date         = {2004-03},
  journal      = {Journal of Clinical Epidemiology},
  pages        = {229--236},
  volume       = {57},
  number       = {3},
  doi          = {10.1016/j.jclinepi.2003.08.009},
  url          = {http://dx.doi.org/10.1016/j.jclinepi.2003.08.009},
  langid       = {en},
}

@article{Assmann2000,
  title        = {Subgroup analysis and other (mis)uses of baseline data in clinical trials},
  author       = {Assmann, Susan F and Pocock, Stuart J and Enos, Laura E and Kasten, Linda E},
  year         = {2000},
  month        = {03},
  date         = {2000-03},
  journal      = {The Lancet},
  pages        = {1064--1069},
  volume       = {355},
  number       = {9209},
  doi          = {10.1016/s0140-6736(00)02039-0},
  url          = {http://dx.doi.org/10.1016/S0140-6736(00)02039-0},
  langid       = {en},
}

@article{aguinis2008,
  title        = {Scale Coarseness as a Methodological Artifact},
  author       = {Aguinis, Herman and Pierce, Charles A. and Culpepper, Steven A.},
  year         = {2008},
  month        = {08},
  date         = {2008-08-15},
  journal      = {Organizational Research Methods},
  pages        = {623--652},
  volume       = {12},
  number       = {4},
  doi          = {10.1177/1094428108318065},
  url          = {http://dx.doi.org/10.1177/1094428108318065},
  langid       = {en},
}

@article{psychmeta,
  title        = {{\textbraceleft}psychmeta{\textbraceright}: An R Package for Psychometric Meta-Analysis},
  author       = {Dahlke, Jeffrey A. and Wiernik, Brenton M.},
  year         = {2018},
  date         = {2018},
  volume       = {43},
  number       = {3},
  pages        = {415--416},
  doi          = {10.1177/0146621618795933},
  journal      = {Applied Psychological Measurement},
}

@inbook{introduc2020,
  title        = {Introduction to R and RStudio},
  editor       = {Nwanganga, Fred and Chapple, Mike},
  year         = {2020},
  author       = {Nwanganga, Fred and Chapple, Mike},
  booktitle    = {Practical Machine Learning in R},
  chapter      = {2},
  pages        = {25--52},
  doi          = {10.1002/9781119591542.ch2},
  url          = {http://dx.doi.org/10.1002/9781119591542.ch2},
  publisher    = {John Wiley \& Sons, Ltd},
}

@article{schultze2023,
  title        = {The role of programming code sharing in improving the transparency of medical research},
  author       = {Schultze, Anna and Tazare, John},
  year         = {2023},
  month        = {10},
  date         = {2023-10-17},
  journal      = {BMJ},
  pages        = {p2402},
  doi          = {10.1136/bmj.p2402},
  url          = {http://dx.doi.org/10.1136/bmj.p2402},
  langid       = {en},
}

@article{trisovic2022,
  title        = {A large-scale study on research code quality and execution},
  author       = {Trisovic, Ana and Lau, Matthew K. and Pasquier, Thomas and Crosas, {Mercè}},
  year         = {2022},
  month        = {02},
  date         = {2022-02-21},
  journal      = {Scientific Data},
  volume       = {9},
  number       = {1},
  doi          = {10.1038/s41597-022-01143-6},
  url          = {http://dx.doi.org/10.1038/s41597-022-01143-6},
  langid       = {en},
}

@Manual{lintr,
  title        = {lintr: A {\textbraceleft}Linter{\textbraceright} for R Code},
  author       = {Hester, Jim and Angly, Florent and Hyde, Russ and Chirico, Michael and Ren, Kun and Rosenstock, Alexander and Patil, Indrajeet},
  year         = {2023},
  date         = {2023},
  url          = {https://CRAN.R-project.org/package=lintr},
}

@article{lee2021b,
  title        = {A Guideline for Reporting Mediation Analyses of Randomized Trials and Observational Studies},
  author       = {Lee, Hopin and Cashin, Aidan G. and Lamb, Sarah E. and Hopewell, Sally and Vansteelandt, Stijn and VanderWeele, Tyler J. and MacKinnon, David P. and Mansell, Gemma and Collins, Gary S. and Golub, Robert M. and McAuley, James H. and Localio, A. Russell and van Amelsvoort, Ludo and Guallar, Eliseo and Rijnhart, Judith and Goldsmith, Kimberley and Fairchild, Amanda J. and Lewis, Cara C. and Kamper, Steven J. and Williams, Christopher M. and Henschke, Nicholas and , },
  year         = {2021},
  month        = {09},
  date         = {2021-09-21},
  journal      = {JAMA},
  pages        = {1045},
  volume       = {326},
  number       = {11},
  doi          = {10.1001/jama.2021.14075},
  url          = {http://dx.doi.org/10.1001/jama.2021.14075},
  langid       = {en},
}

@article{anscombe1973,
  title        = {Graphs in Statistical Analysis},
  author       = {Anscombe, F. J.},
  year         = {1973},
  month        = {02},
  date         = {1973-02},
  journal      = {The American Statistician},
  pages        = {17--21},
  volume       = {27},
  number       = {1},
  doi          = {10.1080/00031305.1973.10478966},
  url          = {http://dx.doi.org/10.1080/00031305.1973.10478966},
  langid       = {en},
}

@Manual{anscombiser,
  title        = {anscombiser: Create Datasets with Identical Summary Statistics},
  author       = {Northrop, Paul J.},
  year         = {2022},
  date         = {2022},
  url          = {https://CRAN.R-project.org/package=anscombiser},
}

@article{Viti2015,
  author       = {Andrea Viti and Alberto Terzi and Luca Bertolaccini},
  title        = {A practical overview on probability distributions},
  journal      = {Journal of Thoracic Disease},
  volume       = {7},
  number       = {3},
  year         = {2015},
  keywords     = {},
  abstract     = {Aim of this paper is a general definition of probability, of its main mathematical features and the features it presents under particular circumstances. The behavior of probability is linked to the features of the phenomenon we would predict. This link can be defined probability distribution. Given the characteristics of phenomena (that we can also define variables), there are defined probability distribution. For categorical (or discrete) variables, the probability can be described by a binomial or Poisson distribution in the majority of cases. For continuous variables, the probability can be described by the most important distribution in statistics, the normal distribution. Distributions of probability are briefly described together with some examples for their possible application.},
  issn         = {2077-6624},	url = {https://jtd.amegroups.org/article/view/4086},
}

@article{kwak2017,
  title        = {Central limit theorem: the cornerstone of modern statistics},
  author       = {Kwak, Sang Gyu and Kim, Jong Hae},
  year         = {2017},
  date         = {2017},
  journal      = {Korean Journal of Anesthesiology},
  pages        = {144},
  volume       = {70},
  number       = {2},
  doi          = {10.4097/kjae.2017.70.2.144},
  url          = {http://dx.doi.org/10.4097/kjae.2017.70.2.144},
  langid       = {en},
}

@article{vonelm2007,
  title        = {The Strengthening the Reporting of Observational Studies in Epidemiology (STROBE) Statement: Guidelines for Reporting Observational Studies},
  author       = {von Elm, Erik and Altman, Douglas G. and Egger, Matthias and Pocock, Stuart J. and {Gøtzsche}, Peter C. and Vandenbroucke, Jan P. and , },
  year         = {2007},
  month        = {10},
  date         = {2007-10-16},
  journal      = {Annals of Internal Medicine},
  pages        = {573},
  volume       = {147},
  number       = {8},
  doi          = {10.7326/0003-4819-147-8-200710160-00010},
  url          = {http://dx.doi.org/10.7326/0003-4819-147-8-200710160-00010},
  langid       = {en},
}

@article{schulz2010,
  title        = {CONSORT 2010 Statement: Updated Guidelines for Reporting Parallel Group Randomized Trials},
  author       = {Schulz, Kenneth F.},
  year         = {2010},
  month        = {06},
  date         = {2010-06-01},
  journal      = {Annals of Internal Medicine},
  pages        = {726},
  volume       = {152},
  number       = {11},
  doi          = {10.7326/0003-4819-152-11-201006010-00232},
  url          = {http://dx.doi.org/10.7326/0003-4819-152-11-201006010-00232},
  langid       = {en},
}

@article{page2021,
  title        = {The PRISMA 2020 statement: An updated guideline for reporting systematic reviews},
  author       = {Page, Matthew J. and McKenzie, Joanne E. and Bossuyt, Patrick M. and Boutron, Isabelle and Hoffmann, Tammy C. and Mulrow, Cynthia D. and Shamseer, Larissa and Tetzlaff, Jennifer M. and Akl, Elie A. and Brennan, Sue E. and Chou, Roger and Glanville, Julie and Grimshaw, Jeremy M. and {Hróbjartsson}, {Asbjørn} and Lalu, Manoj M. and Li, Tianjing and Loder, Elizabeth W. and Mayo-Wilson, Evan and McDonald, Steve and McGuinness, Luke A. and Stewart, Lesley A. and Thomas, James and Tricco, Andrea C. and Welch, Vivian A. and Whiting, Penny and Moher, David},
  year         = {2021},
  month        = {03},
  date         = {2021-03-29},
  journal      = {PLOS Medicine},
  pages        = {e1003583},
  volume       = {18},
  number       = {3},
  doi          = {10.1371/journal.pmed.1003583},
  url          = {http://dx.doi.org/10.1371/journal.pmed.1003583},
  langid       = {en},
}

@article{bossuyt2015,
  title        = {STARD 2015: an updated list of essential items for reporting diagnostic accuracy studies},
  author       = {Bossuyt, Patrick M and Reitsma, Johannes B and Bruns, David E and Gatsonis, Constantine A and Glasziou, Paul P and Irwig, Les and Lijmer, Jeroen G and Moher, David and Rennie, Drummond and de Vet, Henrica C W and Kressel, Herbert Y and Rifai, Nader and Golub, Robert M and Altman, Douglas G and Hooft, Lotty and Korevaar, {Daniël A} and Cohen, {Jérémie F}},
  year         = {2015},
  month        = {10},
  date         = {2015-10-28},
  journal      = {BMJ},
  pages        = {h5527},
  doi          = {10.1136/bmj.h5527},
  url          = {http://dx.doi.org/10.1136/bmj.h5527},
  langid       = {en},
}

@article{reeves2004,
  title        = {Guidelines for Reporting Non-Randomised Studies},
  author       = {Reeves, B.C. and Gaus, W.},
  year         = {2004},
  date         = {2004},
  journal      = {Complementary Medicine Research},
  pages        = {46--52},
  volume       = {11},
  number       = {1},
  doi          = {10.1159/000080576},
  url          = {http://dx.doi.org/10.1159/000080576},
  langid       = {en},
}

@article{cheng2016,
  title        = {Reporting Guidelines for Health Care Simulation Research},
  author       = {Cheng, Adam and Kessler, David and Mackinnon, Ralph and Chang, Todd P. and Nadkarni, Vinay M. and Hunt, Elizabeth A. and Duval-Arnould, Jordan and Lin, Yiqun and Cook, David A. and Pusic, Martin and Hui, Joshua and Moher, David and Egger, Matthias and Auerbach, Marc},
  year         = {2016},
  month        = {08},
  date         = {2016-08},
  journal      = {Simulation in Healthcare: The Journal of the Society for Simulation in Healthcare},
  pages        = {238--248},
  volume       = {11},
  number       = {4},
  doi          = {10.1097/sih.0000000000000150},
  url          = {http://dx.doi.org/10.1097/SIH.0000000000000150},
  langid       = {en},
}

@article{gagnier2021,
  title        = {COSMIN reporting guideline for studies on measurement properties of patient-reported outcome measures},
  author       = {Gagnier, Joel J. and Lai, Jianyu and Mokkink, Lidwine B. and Terwee, Caroline B.},
  year         = {2021},
  month        = {04},
  date         = {2021-04-05},
  journal      = {Quality of Life Research},
  pages        = {2197--2218},
  volume       = {30},
  number       = {8},
  doi          = {10.1007/s11136-021-02822-4},
  url          = {http://dx.doi.org/10.1007/s11136-021-02822-4},
  langid       = {en},
}

@article{streiner2014,
  title        = {Recommendations for reporting the results of studies of instrument and scale development and testing},
  author       = {Streiner, David L. and Kottner, Jan},
  year         = {2014},
  month        = {03},
  date         = {2014-03-30},
  journal      = {Journal of Advanced Nursing},
  pages        = {1970--1979},
  volume       = {70},
  number       = {9},
  doi          = {10.1111/jan.12402},
  url          = {http://dx.doi.org/10.1111/jan.12402},
  langid       = {en},
}

@article{kottner2011,
  title        = {Guidelines for Reporting Reliability and Agreement Studies (GRRAS) were proposed},
  author       = {Kottner, Jan and {Audigé}, Laurent and Brorson, Stig and Donner, Allan and Gajewski, Byron J. and {Hróbjartsson}, {Asbjørn} and Roberts, Chris and Shoukri, Mohamed and Streiner, David L.},
  year         = {2011},
  month        = {01},
  date         = {2011-01},
  journal      = {Journal of Clinical Epidemiology},
  pages        = {96--106},
  volume       = {64},
  number       = {1},
  doi          = {10.1016/j.jclinepi.2010.03.002},
  url          = {http://dx.doi.org/10.1016/j.jclinepi.2010.03.002},
  langid       = {en},
}

@article{barnett2004,
  title        = {Regression to the mean: what it is and how to deal with it},
  author       = {Barnett, A. G},
  year         = {2004},
  month        = {08},
  date         = {2004-08-27},
  journal      = {International Journal of Epidemiology},
  pages        = {215--220},
  volume       = {34},
  number       = {1},
  doi          = {10.1093/ije/dyh299},
  url          = {http://dx.doi.org/10.1093/ije/dyh299},
  langid       = {en},
}

@article{laird1983,
  title        = {Further Comparative Analyses of Pretest-Posttest Research Designs},
  author       = {Laird, Nan},
  year         = {1983},
  month        = {11},
  date         = {1983-11},
  journal      = {The American Statistician},
  pages        = {329--330},
  volume       = {37},
  number       = {4a},
  doi          = {10.1080/00031305.1983.10483133},
  url          = {http://dx.doi.org/10.1080/00031305.1983.10483133},
  langid       = {en},
}

@article{galton1886,
  title        = {Regression Towards Mediocrity in Hereditary Stature.},
  author       = {Galton, Francis},
  year         = {1886},
  date         = {1886},
  journal      = {The Journal of the Anthropological Institute of Great Britain and Ireland},
  pages        = {246},
  volume       = {15},
  doi          = {10.2307/2841583},
  url          = {http://dx.doi.org/10.2307/2841583},
}

@article{healy1978,
  title        = {Regression to the mean},
  author       = {Healy, M.J.R. and Goldstein, H.},
  year         = {1978},
  month        = {01},
  date         = {1978-01},
  journal      = {Annals of Human Biology},
  pages        = {277--280},
  volume       = {5},
  number       = {3},
  doi          = {10.1080/03014467800002891},
  url          = {http://dx.doi.org/10.1080/03014467800002891},
  langid       = {en},
}

@Manual{regtomean,
  title        = {regtomean: Regression Toward the Mean},
  author       = {Recchia, Daniela},
  year         = {2022},
  date         = {2022},
  url          = {https://CRAN.R-project.org/package=regtomean},
}

@article{senn2011,
  title        = {Francis Galton and Regression to the Mean},
  author       = {Senn, Stephen},
  year         = {2011},
  month        = {08},
  date         = {2011-08-25},
  journal      = {Significance},
  pages        = {124--126},
  volume       = {8},
  number       = {3},
  doi          = {10.1111/j.1740-9713.2011.00509.x},
  url          = {http://dx.doi.org/10.1111/j.1740-9713.2011.00509.x},
  langid       = {en},
}

@Manual{likert,
  title        = {likert: Analysis and Visualization Likert Items},
  author       = {Bryer, Jason and Speerschneider, Kimberly},
  year         = {2016},
  date         = {2016},
  url          = {https://CRAN.R-project.org/package=likert},
}

@article{rempsyc,
  title        = {{\textbraceleft}rempsyc{\textbraceright}: Convenience functions for psychology},
  author       = {{Thériault}, {Rémi}},
  year         = {2023},
  date         = {2023},
  pages        = {5466},
  volume       = {8},
  doi          = {10.21105/joss.05466},
  url          = {https://doi.org/10.21105/joss.05466},
  journal      = {Journal of Open Source Software},
}

@Manual{consort,
  title        = {consort: Create Consort Diagram},
  author       = {Dayim, Alim},
  year         = {2023},
  date         = {2023},
  url          = {https://CRAN.R-project.org/package=consort},
}

@article{ggdist,
  title        = {{\textbraceleft}ggdist{\textbraceright}: Visualizations of Distributions and Uncertainty in the Grammar of Graphics},
  author       = {Kay, Matthew},
  year         = {2024},
  date         = {2024},
  volume       = {30},
  number       = {1},
  doi          = {10.1109/TVCG.2023.3327195},
  url          = {https://doi.org/10.1109/TVCG.2023.3327195},
  journal      = {IEEE Transactions on Visualization and Computer Graphics},
  pages        = {414--424},
}

@article{mccaskey2015,
  title        = {Substantive Importance and the Veil of Statistical Significance},
  author       = {McCaskey, Kelly and Rainey, Carlisle},
  year         = {2015},
  month        = {01},
  date         = {2015-01-01},
  journal      = {Statistics, Politics and Policy},
  volume       = {6},
  number       = {1-2},
  doi          = {10.1515/spp-2015-0001},
  url          = {http://dx.doi.org/10.1515/spp-2015-0001},
}

@Manual{learnr,
  title        = {learnr: Interactive Tutorials for R},
  author       = {Aden-Buie, Garrick and Schloerke, Barret and Allaire, JJ and Rossell Hayes, Alexander},
  year         = {2023},
  date         = {2023},
  url          = {https://CRAN.R-project.org/package=learnr},
}

@Manual{BlandAltmanLeh,
  title        = {BlandAltmanLeh: Plots (Slightly Extended) Bland-Altman Plots},
  author       = {Lehnert, Bernhard},
  year         = {2015},
  date         = {2015},
  url          = {https://CRAN.R-project.org/package=BlandAltmanLeh},
}

@Manual{correlation,
  title        = {{\textbraceleft}{\textbraceleft}correlation{\textbraceright}{\textbraceright}: Methods for Correlation Analysis},
  author       = {Makowski, Dominique and Wiernik, Brenton M. and Patil, Indrajeet and {Lüdecke}, Daniel and Ben-Shachar, Mattan S.},
  year         = {2022},
  date         = {2022},
  url          = {https://CRAN.R-project.org/package=correlation},
}

@Manual{easystats,
  title        = {easystats: Framework for Easy Statistical Modeling, Visualization, and Reporting},
  author       = {{Lüdecke}, Daniel and Ben-Shachar, Mattan S. and Patil, Indrajeet and Wiernik, Brenton M. and Bacher, Etienne and {Thériault}, {Rémi} and Makowski, Dominique},
  year         = {2022},
  date         = {2022},
  url          = {https://easystats.github.io/easystats/},
}

@Manual{report,
  title        = {Automated Results Reporting as a Practical Tool to Improve Reproducibility and Methodological Best Practices Adoption},
  author       = {Makowski, Dominique and {Lüdecke}, Daniel and Patil, Indrajeet and {Thériault}, {Rémi} and Ben-Shachar, Mattan S. and Wiernik, Brenton M.},
  year         = {2023},
  date         = {2023},
  url          = {https://easystats.github.io/report/},
}

@Manual{faux,
  title        = {faux: Simulation for Factorial Designs},
  author       = {DeBruine, Lisa},
  year         = {2023},
  date         = {2023},
  doi          = {10.5281/zenodo.2669586},
  url          = {https://debruine.github.io/faux/},
}

@article{ying2023,
  title        = {Re-evaluating the role of pilot trials in informing effect and sample size estimates for full-scale trials: a meta-epidemiological study},
  author       = {Ying, Xiangji and Robinson, Karen A and Ehrhardt, Stephan},
  year         = {2023},
  month        = {07},
  date         = {2023-07-25},
  journal      = {BMJ Evidence-Based Medicine},
  pages        = {383--391},
  volume       = {28},
  number       = {6},
  doi          = {10.1136/bmjebm-2023-112358},
  url          = {http://dx.doi.org/10.1136/bmjebm-2023-112358},
  langid       = {en},
}

@article{meng2018,
  title        = {Statistical paradises and paradoxes in big data (I): Law of large populations, big data paradox, and the 2016 US presidential election},
  author       = {Meng, Xiao-Li},
  year         = {2018},
  month        = {06},
  date         = {2018-06-01},
  journal      = {The Annals of Applied Statistics},
  volume       = {12},
  number       = {2},
  doi          = {10.1214/18-aoas1161sf},
  url          = {http://dx.doi.org/10.1214/18-AOAS1161SF},
}

@article{pearl2014,
  title        = {Comment: Understanding Simpson{\textquoteright}s Paradox},
  author       = {Pearl, Judea},
  year         = {2014},
  month        = {01},
  date         = {2014-01-02},
  journal      = {The American Statistician},
  pages        = {8--13},
  volume       = {68},
  number       = {1},
  doi          = {10.1080/00031305.2014.876829},
  url          = {http://dx.doi.org/10.1080/00031305.2014.876829},
  langid       = {en},
}

@article{lindley1981,
  title        = {The Role of Exchangeability in Inference},
  author       = {Lindley, D. V. and Novick, Melvin R.},
  year         = {1981},
  month        = {01},
  date         = {1981-01-01},
  journal      = {The Annals of Statistics},
  volume       = {9},
  number       = {1},
  doi          = {10.1214/aos/1176345331},
  url          = {http://dx.doi.org/10.1214/aos/1176345331},
}

@article{polin2023,
  title        = {A longitudinal analysis of the hot hand and gambler{\textquoteright}s fallacy biases},
  author       = {Polin, Brian A. and Benisaac, Eyal},
  year         = {2023},
  date         = {2023},
  journal      = {Judgment and Decision Making},
  volume       = {18},
  doi          = {10.1017/jdm.2023.23},
  url          = {http://dx.doi.org/10.1017/jdm.2023.23},
  langid       = {en},
}

@Manual{equatiomatic,
  title        = {equatiomatic: Transform Models into {\textbraceleft}LaTeX{\textbraceright} Equations},
  author       = {Anderson, Daniel and Heiss, Andrew and Sumners, Jay},
  year         = {2024},
  date         = {2024},
  url          = {https://CRAN.R-project.org/package=equatiomatic},
}

@article{ggeffects,
  title        = {ggeffects: Tidy Data Frames of Marginal Effects from Regression Models.},
  author       = {{Lüdecke}, Daniel},
  year         = {2018},
  date         = {2018},
  pages        = {772},
  volume       = {3},
  doi          = {10.21105/joss.00772},
  url          = {https://doi.org/10.21105/joss.00772},
  journal      = {Journal of Open Source Software},
}

@Manual{ggdag,
  title        = {ggdag: Analyze and Create Elegant Directed Acyclic Graphs},
  author       = {Barrett, Malcolm},
  year         = {2024},
  date         = {2024},
  url          = {https://CRAN.R-project.org/package=ggdag},
}

@article{dagitty,
  title        = {Robust causal inference using directed acyclic graphs: the R package {\textbraceleft}dagitty{\textbraceright}},
  author       = {Textor, Johannes and van der Zander, Benito and Gilthorpe, Mark S and {Li\'{\textbraceleft}s{\textbraceright}kiewicz}, Maciej and Ellison, George TH},
  year         = {2016},
  date         = {2016},
  volume       = {45},
  doi          = {10.1093/ije/dyw341},
  url          = {https://doi.org/10.1093/ije/dyw341},
  journal      = {International Journal of Epidemiology},
  pages        = {1887--1894},
}

@article{Cole2015a,
  title        = {Setting number of decimal places for reporting risk ratios: rule of four},
  author       = {Cole, T. J.},
  year         = {2015},
  month        = {04},
  date         = {2015-04-27},
  journal      = {BMJ},
  pages        = {h1845--h1845},
  volume       = {350},
  number       = {apr27 3},
  doi          = {10.1136/bmj.h1845},
  url          = {http://dx.doi.org/10.1136/bmj.h1845},
  langid       = {en},
}

@article{cole2015b,
  title        = {Too many digits: the presentation of numerical data},
  author       = {Cole, T J},
  year         = {2015},
  month        = {04},
  date         = {2015-04-15},
  journal      = {Archives of Disease in Childhood},
  pages        = {608--609},
  volume       = {100},
  number       = {7},
  doi          = {10.1136/archdischild-2014-307149},
  url          = {http://dx.doi.org/10.1136/archdischild-2014-307149},
  langid       = {en},
}

@article{Sasaki2023,
  title        = {SPARKing: Sample-size planning after the results are known},
  author       = {Sasaki, Kyoshiro and Yamada, Yuki},
  year         = {2023},
  month        = {02},
  date         = {2023-02-22},
  journal      = {Frontiers in Human Neuroscience},
  volume       = {17},
  doi          = {10.3389/fnhum.2023.912338},
  url          = {http://dx.doi.org/10.3389/fnhum.2023.912338},
}

@article{vickers2001b,
  title        = {The use of percentage change from baseline as an outcome in a controlled trial is statistically inefficient: a simulation study},
  author       = {Vickers, Andrew J},
  year         = {2001},
  month        = {06},
  date         = {2001-06-28},
  journal      = {BMC Medical Research Methodology},
  volume       = {1},
  number       = {1},
  doi          = {10.1186/1471-2288-1-6},
  url          = {http://dx.doi.org/10.1186/1471-2288-1-6},
  langid       = {en},
}

@article{cumming2005,
  title        = {Inference by Eye: Confidence Intervals and How to Read Pictures of Data.},
  author       = {Cumming, Geoff and Finch, Sue},
  year         = {2005},
  date         = {2005},
  journal      = {American Psychologist},
  pages        = {170--180},
  volume       = {60},
  number       = {2},
  doi          = {10.1037/0003-066x.60.2.170},
  url          = {http://dx.doi.org/10.1037/0003-066X.60.2.170},
  langid       = {en},
}

@article{krzywinski2013,
  title        = {Error bars},
  author       = {Krzywinski, Martin and Altman, Naomi},
  year         = {2013},
  month        = {09},
  date         = {2013-09-27},
  journal      = {Nature Methods},
  pages        = {921--922},
  volume       = {10},
  number       = {10},
  doi          = {10.1038/nmeth.2659},
  url          = {http://dx.doi.org/10.1038/nmeth.2659},
  langid       = {en},
}

@article{ferris2004,
  title        = {A new definition of measurement},
  author       = {Ferris, Timothy L.J},
  year         = {2004},
  month        = {07},
  date         = {2004-07},
  journal      = {Measurement},
  pages        = {101--109},
  volume       = {36},
  number       = {1},
  doi          = {10.1016/j.measurement.2004.03.001},
  url          = {http://dx.doi.org/10.1016/j.measurement.2004.03.001},
  langid       = {en},
}

@article{naniar,
	title = {Expanding Tidy Data Principles to Facilitate Missing Data Exploration, Visualization and Assessment of Imputations},
	author = {Tierney, Nicholas and Cook, Dianne},
	year = {2023},
	date = {2023},
	volume = {105},
	doi = {10.18637/jss.v105.i07},
	url = {https://doi.org/10.18637/jss.v105.i07},
	journal = {Journal of Statistical Software},
	pages = {1--31},
	volume = {105},
	number = {7},
}

@article{gerring2012,
	title = {Mere Description},
	author = {Gerring, John},
	year = {2012},
	month = {05},
	date = {2012-05-04},
	journal = {British Journal of Political Science},
	pages = {721--746},
	volume = {42},
	number = {4},
	doi = {10.1017/s0007123412000130},
	url = {http://dx.doi.org/10.1017/S0007123412000130},
	langid = {en}
}

@article{s.2011a,
	title = {Measures of central tendency: The mean},
	author = {S., Manikandan},
	year = {2011},
	month = {06},
	date = {2011-06},
	journal = {Journal of Pharmacology and Pharmacotherapeutics},
	pages = {140--142},
	volume = {2},
	number = {2},
	doi = {10.4103/0976-500x.81920},
	url = {http://dx.doi.org/10.4103/0976-500X.81920},
	langid = {en}
}

@article{s.2011,
	title = {Measures of central tendency: Median and mode},
	author = {S., Manikandan},
	year = {2011},
	month = {09},
	date = {2011-09},
	journal = {Journal of Pharmacology and Pharmacotherapeutics},
	pages = {214--215},
	volume = {2},
	number = {3},
	doi = {10.4103/0976-500x.83300},
	url = {http://dx.doi.org/10.4103/0976-500X.83300},
	langid = {en}
}

@article{s2011,
	title = {Frequency distribution},
	author = {S, Manikandan},
	year = {2011},
	month = {03},
	date = {2011-03},
	journal = {Journal of Pharmacology and Pharmacotherapeutics},
	pages = {54--56},
	volume = {2},
	number = {1},
	doi = {10.4103/0976-500x.77120},
	url = {http://dx.doi.org/10.4103/0976-500X.77120},
	langid = {en}
}

@article{manikandan2011,
	title = {Measures of dispersion},
	author = {Manikandan, S.},
	year = {2011},
	month = {12},
	date = {2011-12},
	journal = {Journal of Pharmacology and Pharmacotherapeutics},
	pages = {315--316},
	volume = {2},
	number = {4},
	doi = {10.4103/0976-500x.85931},
	url = {http://dx.doi.org/10.4103/0976-500x.85931},
	langid = {en}
}

@article{sturges1926,
	title = {The Choice of a Class Interval},
	author = {Sturges, Herbert A.},
	year = {1926},
	month = {03},
	date = {1926-03},
	journal = {Journal of the American Statistical Association},
	pages = {65--66},
	volume = {21},
	number = {153},
	doi = {10.1080/01621459.1926.10502161},
	url = {http://dx.doi.org/10.1080/01621459.1926.10502161},
	langid = {en}
}

@article{scott1979,
	title = {On optimal and data-based histograms},
	author = {SCOTT, DAVID W.},
	year = {1979},
	date = {1979},
	journal = {Biometrika},
	pages = {605--610},
	volume = {66},
	number = {3},
	doi = {10.1093/biomet/66.3.605},
	url = {http://dx.doi.org/10.1093/biomet/66.3.605},
	langid = {en}
}

@article{freedman1981,
	title = {On the histogram as a density estimator:L 2 theory},
	author = {Freedman, David and Diaconis, Persi},
	year = {1981},
	month = {12},
	date = {1981-12},
	journal = {Zeitschrift für Wahrscheinlichkeitstheorie und Verwandte Gebiete},
	pages = {453--476},
	volume = {57},
	number = {4},
	doi = {10.1007/bf01025868},
	url = {http://dx.doi.org/10.1007/BF01025868},
	langid = {en}
}

@Manual{grDevices,
	title = {R: A Language and Environment for Statistical Computing},
	author = {, R Core Team},
	year = {2024},
	date = {2024},
	url = {https://www.R-project.org/}
}


@article{gelman2014,
	title = {Beyond Power Calculations},
	author = {Gelman, Andrew and Carlin, John},
	year = {2014},
	month = {11},
	date = {2014-11},
	journal = {Perspectives on Psychological Science},
	pages = {641--651},
	volume = {9},
	number = {6},
	doi = {10.1177/1745691614551642},
	url = {http://dx.doi.org/10.1177/1745691614551642},
	langid = {en}
}

@article{lu2018,
	title = {A note on Type S/M errors in hypothesis testing},
	author = {Lu, Jiannan and Qiu, Yixuan and Deng, Alex},
	year = {2018},
	month = {03},
	date = {2018-03-23},
	journal = {British Journal of Mathematical and Statistical Psychology},
	pages = {1--17},
	volume = {72},
	number = {1},
	doi = {10.1111/bmsp.12132},
	url = {http://dx.doi.org/10.1111/bmsp.12132},
	langid = {en}
}

@Manual{correctR,
	title = {correctR: Corrected Test Statistics for Comparing Machine Learning Models
on Correlated Samples},
	author = {Henderson, Trent},
	year = {2025},
	date = {2025},
	url = {https://CRAN.R-project.org/package=correctR}
}

@misc{CRAN,
  author = {, R Core Team},
  title = {The Comprehensive R Archive Network},
  url = {https://cran.r-project.org},
  year = {2021},
  organization = {cran.r-project.org}
}

@misc{R_Packages,
  title = {All R CRAN packages [Full List]},
  url = {https://r-packages.io/packages},
  urldate = {2025-02-11},
  year = {2025},
  organization = {R PACKAGES}
}

@article{leys2019,
	title = {How to Classify, Detect, and Manage Univariate and Multivariate Outliers, With Emphasis on Pre-Registration},
	author = {Leys, Christophe and Delacre, Marie and Mora, Youri L. and Lakens, {Daniël} and Ley, Christophe},
	year = {2019},
	date = {2019},
	journal = {International Review of Social Psychology},
	volume = {32},
	number = {1},
	doi = {10.5334/irsp.289},
	url = {http://dx.doi.org/10.5334/irsp.289},
	langid = {en}
}

@article{leys2013,
	title = {Detecting outliers: Do not use standard deviation around the mean, use absolute deviation around the median},
	author = {Leys, Christophe and Ley, Christophe and Klein, Olivier and Bernard, Philippe and Licata, Laurent},
	year = {2013},
	month = {07},
	date = {2013-07},
	journal = {Journal of Experimental Social Psychology},
	pages = {764--766},
	volume = {49},
	number = {4},
	doi = {10.1016/j.jesp.2013.03.013},
	url = {http://dx.doi.org/10.1016/j.jesp.2013.03.013},
	langid = {en}
}

@article{leys2018,
	title = {Detecting multivariate outliers: Use a robust variant of the Mahalanobis distance},
	author = {Leys, Christophe and Klein, Olivier and Dominicy, Yves and Ley, Christophe},
	year = {2018},
	month = {01},
	date = {2018-01},
	journal = {Journal of Experimental Social Psychology},
	pages = {150--156},
	volume = {74},
	doi = {10.1016/j.jesp.2017.09.011},
	url = {http://dx.doi.org/10.1016/j.jesp.2017.09.011},
	langid = {en}
}

@article{Tukey1963,
 ISSN = {0581572X},
 URL = {http://www.jstor.org/stable/25049278},
 abstract = {The vulnerability of Student's t, insofar as efficiency and power are concerned, leads to consideration of substitutes. Among the most promising are ratios of trimmed means to square roots of suitable quadratic forms involving the same order statistics. Matching, across underlying distributions, of ratios of average of denominator to variance of numerator leads to selection of the Winsorized sum of squared deviations as the basis for a denominator. The resulting trimmed t should prove more useful when the amount of trimming is made to depend on the individual sample in a suitably prescribed manner. Exact critical values for the resulting tailored t seem to require Monte Carlo computation, but use of a simple modified denominator for trimmed t allows us to use the conventional t tables as a reasonable approximation.},
 author = {John W. Tukey and Donald H. McLaughlin},
 journal = {Sankhyā: The Indian Journal of Statistics, Series A (1961-2002)},
 number = {3},
 pages = {331--352},
 publisher = {Springer},
 title = {Less Vulnerable Confidence and Significance Procedures for Location Based on a Single Sample: Trimming/Winsorization 1},
 urldate = {2025-04-11},
 volume = {25},
 year = {1963}
}

@article{sahai1992,
	title = {Definitions of Sample Variance: Some Teaching Problems to be Overcome},
	author = {Sahai, Hardeo and Misra, Satish},
	year = {1992},
	date = {1992},
	journal = {The Statistician},
	pages = {55},
	volume = {41},
	number = {1},
	doi = {10.2307/2348636},
	url = {http://dx.doi.org/10.2307/2348636}
}

@article{WRS2,
	title = {Robust Statistical Methods in R Using the WRS2 Package},
	author = {Mair, Patrick and Wilcox, Rand},
	year = {2020},
	date = {2020},
	volume = {52},
	doi = {10.3758/s13428-019-01246-w},
	journal = {Behavior Research Methods},
	pages = {464–-488},
}

@Manual{WRS2-2,
  title        = {A Collection of Robust Statistical Methods},
  author       = {Mair, Patrick and Wilcox, Rand and Patil Indrajeet},
  year         = {2025},
  date         = {2025},
  url          = {https://CRAN.R-project.org/package=WRS2},
}

@article{rochon2012,
	title = {To test or not to test: Preliminary assessment of normality when comparing two independent samples},
	author = {Rochon, Justine and Gondan, Matthias and Kieser, Meinhard},
	year = {2012},
	month = {06},
	date = {2012-06-19},
	journal = {BMC Medical Research Methodology},
	volume = {12},
	number = {1},
	doi = {10.1186/1471-2288-12-81},
	url = {http://dx.doi.org/10.1186/1471-2288-12-81},
	langid = {en}
}

@article{markovchain,
  author = {Giorgio Alfredo Spedicato},
  title = {{Discrete Time Markov Chains with R}},
  year = {2017},
  journal = {{The R Journal}},
  doi = {10.32614/RJ-2017-036},
  url = {https://doi.org/10.32614/RJ-2017-036},
  pages = {84--104},
  volume = {9},
  number = {2}
}

@Book{car,
	title = {An {\textbraceleft}R{\textbraceright} Companion to Applied Regression},
	author = {Fox, John and Weisberg, Sanford},
	year = {2019},
	date = {2019},
	url = {https://www.john-fox.ca/Companion/},
	publisher = {Sage Publications, Inc.},
}

@Manual{GGally,
	title = {GGally: Extension to 'ggplot2'},
	author = {Schloerke, Barret and Cook, Di and Larmarange, Joseph and Briatte, Francois and Marbach, Moritz and Thoen, Edwin and Elberg, Amos and Crowley, Jason},
	year = {2024},
	date = {2024},
	doi = {10.32614/CRAN.package.GGally},
	url = {https://CRAN.R-project.org/package=GGally}
}

@article{Kim2019,
	title = {Multicollinearity and misleading statistical results},
	author = {Kim, Jong Hae},
	year = {2019},
	month = {12},
	date = {2019-12-01},
	journal = {Korean Journal of Anesthesiology},
	pages = {558--569},
	volume = {72},
	number = {6},
	doi = {10.4097/kja.19087},
	url = {http://dx.doi.org/10.4097/kja.19087},
	langid = {en}
}

@article{Greenland1989,
	title = {Modeling and variable selection in epidemiologic analysis.},
	author = {Greenland, S},
	year = {1989},
	month = {03},
	date = {1989-03},
	journal = {American Journal of Public Health},
	pages = {340--349},
	volume = {79},
	number = {3},
	doi = {10.2105/ajph.79.3.340},
	url = {http://dx.doi.org/10.2105/ajph.79.3.340},
	langid = {en}
}

@article{Glas2003,
	title = {The diagnostic odds ratio: a single indicator of test performance},
	author = {Glas, Afina S. and Lijmer, Jeroen G. and Prins, Martin H. and Bonsel, Gouke J. and Bossuyt, Patrick M.M.},
	year = {2003},
	month = {11},
	date = {2003-11},
	journal = {Journal of Clinical Epidemiology},
	pages = {1129--1135},
	volume = {56},
	number = {11},
	doi = {10.1016/s0895-4356(03)00177-x},
	url = {http://dx.doi.org/10.1016/s0895-4356(03)00177-x},
	langid = {en}
}

@article{horton1995,
	title = {The rhetoric of research},
	author = {Horton, R.},
	year = {1995},
	month = {04},
	date = {1995-04-15},
	journal = {BMJ},
	pages = {985--987},
	volume = {310},
	number = {6985},
	doi = {10.1136/bmj.310.6985.985},
	url = {http://dx.doi.org/10.1136/bmj.310.6985.985},
	langid = {en}
}

@article{chuard2019,
	title = {Evidence that nonsignificant results are sometimes preferred: Reverse P-hacking or selective reporting?},
	author = {Chuard, Pierre J. C. and {Vrtílek}, Milan and Head, Megan L. and Jennions, Michael D.},
	year = {2019},
	month = {01},
	date = {2019-01-25},
	journal = {PLOS Biology},
	pages = {e3000127},
	volume = {17},
	number = {1},
	doi = {10.1371/journal.pbio.3000127},
	url = {http://dx.doi.org/10.1371/journal.pbio.3000127},
	langid = {en}
}

@article{chiu2017,
	title = {{\textquoteleft}Spin{\textquoteright} in published biomedical literature: A methodological systematic review},
	author = {Chiu, Kellia and Grundy, Quinn and Bero, Lisa},
	editor = {Boutron, Isabelle},
	year = {2017},
	month = {09},
	date = {2017-09-11},
	journal = {PLOS Biology},
	pages = {e2002173},
	volume = {15},
	number = {9},
	doi = {10.1371/journal.pbio.2002173},
	url = {http://dx.doi.org/10.1371/journal.pbio.2002173},
	langid = {en},
}

@article{picano2024,
	title = {Who is the author: genuine, honorary, ghost, gold, and fake authors?},
	author = {Picano, Eugenio},
	year = {2024},
	month = {05},
	date = {2024-05-13},
	journal = {Exploration of Cardiology},
	pages = {88--96},
	volume = {2},
	number = {3},
	doi = {10.37349/ec.2024.00024},
	url = {http://dx.doi.org/10.37349/ec.2024.00024},
}

@article{nosek2018,
	title = {The preregistration revolution},
	author = {Nosek, Brian A. and Ebersole, Charles R. and DeHaven, Alexander C. and Mellor, David T.},
	year = {2018},
	month = {03},
	date = {2018-03-12},
	journal = {Proceedings of the National Academy of Sciences},
	pages = {2600--2606},
	volume = {115},
	number = {11},
	doi = {10.1073/pnas.1708274114},
	url = {http://dx.doi.org/10.1073/pnas.1708274114},
	langid = {en},
}

@article{degroot2014,
	title = {The meaning of {\textquotedblleft}significance{\textquotedblright} for different types of research [translated and annotated by Eric-Jan Wagenmakers, Denny Borsboom, Josine Verhagen, Rogier Kievit, Marjan Bakker, Angelique Cramer, Dora Matzke, Don Mellenbergh, and Han L. J. van der Maas]},
	author = {de Groot, A.D.},
	year = {2014},
	month = {05},
	date = {2014-05},
	journal = {Acta Psychologica},
	pages = {188--194},
	volume = {148},
	doi = {10.1016/j.actpsy.2014.02.001},
	url = {http://dx.doi.org/10.1016/j.actpsy.2014.02.001},
	langid = {en}
}

@article{armitage1969,
	title = {Repeated Significance Tests on Accumulating Data},
	author = {Armitage, P. and McPherson, C. K. and Rowe, B. C.},
	year = {1969},
	date = {1969},
	journal = {Journal of the Royal Statistical Society. Series A (General)},
	pages = {235},
	volume = {132},
	number = {2},
	doi = {10.2307/2343787},
	url = {http://dx.doi.org/10.2307/2343787},
}

@inbook{bausell2021,
  author    = {R. Barker Bausell},
  chapter   = {Questionable Research Practices (QRPs) and Their Devastating Scientific Effects},
  title     = {Too Much Medicine: Not Enough Health},
  year      = {2021},
  publisher = {Oxford University Press},
  address   = {New York},
  pages     = {56--C3.P203},
  doi       = {10.1093/oso/9780197536537.003.0004},
  url       = {http://dx.doi.org/10.1093/oso/9780197536537.003.0004}
}

@article{stefan2023,
	title = {Big little lies: a compendium and simulation of{\emph{p}}-hacking strategies},
	author = {Stefan, Angelika M. and {Schönbrodt}, Felix D.},
	year = {2023},
	month = {02},
	date = {2023-02},
	journal = {Royal Society Open Science},
	volume = {10},
	number = {2},
	doi = {10.1098/rsos.220346},
	url = {http://dx.doi.org/10.1098/rsos.220346},
	langid = {en}
}

@article{andrade2021,
	title = {HARKing, Cherry-Picking, P-Hacking, Fishing Expeditions, and Data Dredging and Mining as Questionable Research Practices},
	author = {Andrade, Chittaranjan},
	year = {2021},
	month = {02},
	date = {2021-02-18},
	journal = {The Journal of Clinical Psychiatry},
	volume = {82},
	number = {1},
	doi = {10.4088/jcp.20f13804},
	url = {http://dx.doi.org/10.4088/JCP.20f13804}
}

@article{john2012,
	title = {Measuring the Prevalence of Questionable Research Practices With Incentives for Truth Telling},
	author = {John, Leslie K. and Loewenstein, George and Prelec, Drazen},
	year = {2012},
	month = {04},
	date = {2012-04-16},
	journal = {Psychological Science},
	pages = {524--532},
	volume = {23},
	number = {5},
	doi = {10.1177/0956797611430953},
	url = {http://dx.doi.org/10.1177/0956797611430953},
	langid = {en}
}

@article{neoh2023,
	title = {Fifty years of research on questionable research practises in science: quantitative analysis of co-citation patterns},
	author = {Neoh, Michelle Jin Yee and Carollo, Alessandro and Lee, Albert and Esposito, Gianluca},
	year = {2023},
	month = {10},
	date = {2023-10},
	journal = {Royal Society Open Science},
	volume = {10},
	number = {10},
	doi = {10.1098/rsos.230677},
	url = {http://dx.doi.org/10.1098/rsos.230677},
	langid = {en}
}

@book{ferreira2025,
	title = {RCTapp},
	author = {Ferreira, {Arthur de Sá} and Meziat Filho, Ney},
	year = {2025},
	month = {04},
	date = {2025-04-23},
	publisher = {Zenodo},
	doi = {10.5281/ZENODO.13848815},
	url = {https://zenodo.org/doi/10.5281/zenodo.13848815},
	langid = {en}
}

@Manual{rcrossref,
	title = {rcrossref: Client for Various 'CrossRef' 'APIs'},
	author = {Chamberlain, Scott and Zhu, Hao and Jahn, Najko and Boettiger, Carl and Ram, Karthik},
	year = {2022},
	date = {2022},
	doi = {10.32614/CRAN.package.rcrossref},
	url = {https://CRAN.R-project.org/package=rcrossref}
}

@Manual{roadoi,
	title = {roadoi: Find Free Versions of Scholarly Publications via Unpaywall},
	author = {Jahn, Najko},
	year = {2024},
	date = {2024},
	doi = {10.32614/CRAN.package.roadoi},
	url = {https://CRAN.R-project.org/package=roadoi}
}

@Manual{retractcheck,
	title = {retractcheck: Retraction Scanner},
	author = {Hartgerink, Chris and Aust, Frederik},
	year = {2025},
	date = {2025},
	url = {https://github.com/chartgerink/retractcheck}
}

@Manual{pubmedR,
	title = {pubmedR: Gathering Metadata About Publications, Grants, Clinical Trials
from 'PubMed' Database},
	author = {Aria, Massimo},
	year = {2020},
	date = {2020},
	doi = {10.32614/CRAN.package.pubmedR},
	url = {https://CRAN.R-project.org/package=pubmedR}
}

@Manual{easyPubMed,
	title = {easyPubMed: Search and Retrieve Scientific Publication Records from PubMed},
	author = {Fantini, Damiano},
	year = {2019},
	date = {2019},
	doi = {10.32614/CRAN.package.easyPubMed},
	url = {https://CRAN.R-project.org/package=easyPubMed}
}

@article{Kleinert2009,
	title = {COPE's retraction guidelines},
	author = {Kleinert, Sabine},
	year = {2009},
	month = {12},
	date = {2009-12},
	journal = {The Lancet},
	pages = {1876--1877},
	volume = {374},
	number = {9705},
	doi = {10.1016/s0140-6736(09)62074-2},
	url = {http://dx.doi.org/10.1016/S0140-6736(09)62074-2},
	langid = {en}
}

@article{menditto2006,
	title = {Understanding the meaning of accuracy, trueness and precision},
	author = {Menditto, Antonio and Patriarca, Marina and Magnusson, Bertil},
	year = {2006},
	month = {10},
	date = {2006-10-03},
	journal = {Accreditation and Quality Assurance},
	pages = {45--47},
	volume = {12},
	number = {1},
	doi = {10.1007/s00769-006-0191-z},
	url = {http://dx.doi.org/10.1007/s00769-006-0191-z},
	langid = {en}
}

@article{Streiner2006,
	title = {{\textquotedblleft}Precision{\textquotedblright} and {\textquotedblleft}Accuracy{\textquotedblright}: Two Terms That Are Neither},
	author = {Streiner, David L. and Norman, Geoffrey R.},
	year = {2006},
	month = {04},
	date = {2006-04},
	journal = {Journal of Clinical Epidemiology},
	pages = {327--330},
	volume = {59},
	number = {4},
	doi = {10.1016/j.jclinepi.2005.09.005},
	url = {http://dx.doi.org/10.1016/j.jclinepi.2005.09.005},
	langid = {en}
}

@article{p.simmons2021,
	title = {Pre{-}registration: Why and How},
	author = {P. Simmons, Joseph and D. Nelson, Leif and Simonsohn, Uri},
	year = {2021},
	month = {01},
	date = {2021-01},
	journal = {Journal of Consumer Psychology},
	pages = {151--162},
	volume = {31},
	number = {1},
	doi = {10.1002/jcpy.1208},
	url = {http://dx.doi.org/10.1002/jcpy.1208},
	langid = {en}
}

@article{martínez-mesa2016,
	title = {Sampling: how to select participants in my research study?},
	author = {{Martínez-Mesa}, Jeovany and {González-Chica}, David Alejandro and Duquia, Rodrigo Pereira and Bonamigo, Renan Rangel and Bastos, {João Luiz}},
	year = {2016},
	month = {06},
	date = {2016-06},
	journal = {Anais Brasileiros de Dermatologia},
	pages = {326--330},
	volume = {91},
	number = {3},
	doi = {10.1590/abd1806-4841.20165254},
	url = {http://dx.doi.org/10.1590/abd1806-4841.20165254}
}

@Manual{roxygen2,
	title = {roxygen2: In-Line Documentation for R},
	author = {Wickham, Hadley and Danenberg, Peter and {Csárdi}, {Gábor} and Eugster, Manuel},
	year = {2024},
	date = {2024},
	doi = {10.32614/CRAN.package.roxygen2},
	url = {https://CRAN.R-project.org/package=roxygen2}
}

@article{eglen2017,
	title = {Toward standard practices for sharing computer code and programs in neuroscience},
	author = {Eglen, Stephen J and Marwick, Ben and Halchenko, Yaroslav O and Hanke, Michael and Sufi, Shoaib and Gleeson, Padraig and Silver, R Angus and Davison, Andrew P and Lanyon, Linda and Abrams, Mathew and Wachtler, Thomas and Willshaw, David J and Pouzat, Christophe and Poline, Jean-Baptiste},
	year = {2017},
	month = {06},
	date = {2017-06},
	journal = {Nature Neuroscience},
	pages = {770--773},
	volume = {20},
	number = {6},
	doi = {10.1038/nn.4550},
	url = {http://dx.doi.org/10.1038/nn.4550},
	langid = {en}
}

@article{trisovic2022a,
	title = {A large-scale study on research code quality and execution},
	author = {Trisovic, Ana and Lau, Matthew K. and Pasquier, Thomas and Crosas, {Mercè}},
	year = {2022},
	month = {02},
	date = {2022-02-21},
	journal = {Scientific Data},
	volume = {9},
	number = {1},
	doi = {10.1038/s41597-022-01143-6},
	url = {http://dx.doi.org/10.1038/s41597-022-01143-6},
	langid = {en}
}

@Manual{corrplot,
	title = {R package 'corrplot': Visualization of a Correlation Matrix},
	author = {Wei, Taiyun and Simko, Viliam},
	year = {2024},
	date = {2024},
	url = {https://github.com/taiyun/corrplot}
}

@Manual{ggcleveland,
	title = {ggcleveland: Implementation of Plots from Cleveland's Visualizing Data Book},
	author = {Prunello, Marcos and Mari, Gonzalo},
	year = {2021},
	date = {2021},
	doi = {10.32614/CRAN.package.ggcleveland},
	url = {https://CRAN.R-project.org/package=ggcleveland}
}

@article{InteractionPoweR,
  author    = {David A. A. Baranger and Megan C. Finsaas and Brandon L. Goldstein and Colin E. Vize and Donald R. Lynam and Thomas M. Olino},
  title     = {Tutorial: Power Analyses for Interaction Effects in Cross-Sectional Regressions},
  journal   = {Advances in Methods and Practices in Psychological Science},
  volume    = {6},
  number    = {3},
  pages     = {25152459231187531},
  year      = {2023},
  doi       = {10.1177/25152459231187531},
  url       = {https://doi.org/10.1177/25152459231187531},
  abstract  = {Interaction analyses (also termed “moderation” analyses or “moderated multiple regression”) are a form of linear regression analysis designed to test whether the association between two variables changes when conditioned on a third variable. It can be challenging to perform a power analysis for interactions with existing software, particularly when variables are correlated and continuous. Moreover, although power is affected by main effects, their correlation, and variable reliability, it can be unclear how to incorporate these effects into a power analysis. The R package InteractionPoweR and associated Shiny apps allow researchers with minimal or no programming experience to perform analytic and simulation-based power analyses for interactions. At minimum, these analyses require the Pearson’s correlation between variables and sample size, and additional parameters, including reliability and the number of discrete levels that a variable takes (e.g., binary or Likert scale), can optionally be specified. In this tutorial, we demonstrate how to perform power analyses using our package and give examples of how power can be affected by main effects, correlations between main effects, reliability, and variable distributions. We also include a brief discussion of how researchers may select an appropriate interaction effect size when performing a power analysis.}
}

